3917 5475
434 638 483 690 ¹72
832 661 942 705 samm
957 661 1007 710 111.
1024 659 1149 709 35-38.

430 835 537 921 ancta,
551 858 623 902 non
642 837 727 902 redit
747 837 788 902 ad
808 836 1016 920 superficiem
1034 858 1135 919 aquae,
1148 841 1186 901 ut
1204 837 1306 913 bulla,
1321 859 1392 920 quae
1410 836 1448 901 in
1468 860 1555 922 aqua

431 975 565 1037 surgere
585 955 679 1020 solet.

483 1071 520 1135 V.
543 1070 682 1132 35-38.
704 1068 828 1154 Magne
846 1073 944 1154 pater
962 1068 1081 1134 dianna
1100 1074 1180 1146 etc;
1200 1073 1347 1136 maxima
1365 1093 1466 1155 prena
1484 1093 1554 1136 sce-

429 1187 613 1268 leratorum
637 1188 695 1254 est
718 1184 855 1260 siritio,
877 1207 948 1268 quse
975 1186 1082 1249 vitare
1110 1206 1180 1250 non
1207 1192 1359 1269 possunt,
1389 1192 1555 1271 coguntur

432 1321 620 1384 agnoscere,
642 1301 669 1365 si
688 1301 899 1383 intellegunt,
921 1301 1002 1384 quid
1029 1305 1157 1366 rectum
1185 1303 1237 1377 sit,
1258 1323 1367 1385 neque
1385 1307 1500 1367 tamen
1518 1302 1554 1367 id

431 1420 574 1501 possunt
594 1419 696 1499 sequi.
718 1417 798 1481 Haec
817 1439 917 1500 poena
940 1421 1056 1481 manet
1084 1418 1186 1481 etiarn
1213 1421 1255 1493 te,
1277 1417 1443 1484 desidiose
1461 1419 1553 1483 iuve-

432 1533 545 1618 nissi
565 1537 598 1596 te
617 1552 688 1597 non
707 1533 853 1614 corrigis.
874 1571 918 1578 —
937 1550 1044 1598 suecos
1058 1534 1184 1618 punire
1214 1537 1389 1620 tyrannos,
1407 1538 1552 1616 tyranni,

373 1715 380 1728 ,
433 1650 488 1733 qui
509 1649 611 1713 etiam
637 1649 825 1712 immeritos
851 1651 1029 1712 tormentis
1058 1652 1204 1714 cruciare
1233 1652 1351 1726 solent,
1372 1653 1553 1715 maximam

431 1783 566 1850 poenam
594 1768 740 1852 merent.¹
765 1763 850 1828 Srmt
879 1769 991 1828 autem
1019 1766 1155 1846 tyranni
1181 1766 1404 1851 philosophis,
1433 1764 1553 1830 Stoicis

431 1883 606 1965 praecipue,
629 1881 780 1944 omnium
800 1881 962 1945 scelerum
983 1882 1143 1963 exempla.
1156 1879 1292 1946 ——dira
1313 1881 1553 1949 1111111οΜ0113-

408 1999 479 2064 >ln
496 1995 684 2084 ingenium,
705 2017 780 2060 cum
807 2016 910 2077 prava
939 1995 1113 2077 cupiditas,
1135 2017 1207 2079 quse
1227 1999 1382 2061 homines
1409 1999 1554 2061 maxime

433 2114 475 2177 ad
487 2114 612 2177 scelera
623 2113 750 2187 incitat,
766 2113 896 2175 animos
917 2132 1033 2175 eorum
1051 2112 1232 2193 perturbat.
1249 2113 1310 2176 Est
1322 2118 1434 2176 autem
1449 2112 1553 2179 libido

432 2230 587 2293 hocloco
607 2225 757 2314 ἐπιθυμία
782 2226 978 2301 Stoicorum,
1001 2249 1106 2309 genus
1130 2229 1421 2311 perturbationum
1449 2230 1553 2293 animi

432 2351 501 2425 (τῶν
524 2346 654 2422 παθῶν),
676 2363 757 2425 quas
776 2344 920 2407 maxime
944 2343 1119 2424 fugiendas
1148 2350 1351 2409 censuerunt
1370 2346 1475 2409 severi
1494 2345 1554 2409 Ze-

432 2461 532 2526 nonis
552 2463 740 2523 sectatores.
762 2457 809 2523 of.
824 2458 994 2523 Ciceronis
1009 2460 1110 2523 verba
1125 2461 1165 2524 de
1181 2461 1489 2542 perturbationibus
1505 2463 1555 2540 (τὰ

432 2581 533 2670 πάθη)
552 2577 655 2640 animi
674 2576 723 2639 De
739 2576 795 2640 fin.
813 2576 871 2640 HL
893 2577 941 2650 10,
955 2577 1018 2641 35:
1043 2576 1250 2660 «Omnesque
1270 2597 1316 2639 eae
1336 2581 1415 2639 sunt
1433 2596 1554 2660 genere

433 2697 597 2777 quattuor,
619 2692 769 2775 partibus
793 2693 915 2775 plures,
937 2692 1109 2774 aegritudo,
1129 2675 1293 2767 formida¹
1303 2690 1420 2775 tibtote,
1440 2712 1555 2776 quam-

433 2832 496 2893 que
516 2808 617 2874 Stoici
638 2809 809 2872 oommuni
823 2810 961 2873 nomine
978 2810 1126 2890 corporis
1140 2813 1173 2873 et
1185 2810 1289 2873 animi
1308 2807 1422 2897 ἡδονὴν
1442 2810 1554 2891 appel·

432 2929 513 3001 lant,
536 2945 596 3007 ego
615 2926 705 2989 malo
733 2925 885 2988 laetitiam
909 2924 1111 3006 appellare».
1140 2962 1185 2969 -
1211 2924 1353 3009 feruenti
1373 2925 1477 2990 tincta
1496 2944 1554 2989 ce·

433 3060 532 3125 neno,
550 3041 653 3105 libido
684 3040 808 3104 dieitur
835 3041 977 3104 ferventi
1004 3060 1135 3105 veneno
1162 3042 1268 3104 tincta
1295 3041 1456 3121 (imbuta),
1478 3042 1557 3123 quia

434 3159 566 3222 animus
584 3178 623 3221 ea
641 3158 689 3219 ita
708 3157 940 3238 corrumpitur.
961 3161 999 3219 ut
1017 3177 1138 3238 corpus
1161 3177 1301 3221 veneno.
1322 3194 1366 3200 —
1391 3155 1556 3222 Virtutem

433 3263 570 3351 uideant
589 3272 867 3356 intabescantque
894 3272 1026 3355 relicta,
1045 3272 1133 3354 quod
1161 3272 1256 3335 Plato
1276 3272 1316 3335 de
1336 3292 1402 3335 une
1421 3273 1554 3347 virtute,

434 3392 474 3483 de
502 3389 681 3473 prudentia
709 3390 881 3478 (φρόνησις)
915 3388 1006 3463 dixit,
1036 3388 1076 3451 de
1106 3389 1230 3453 virtute
1264 3388 1449 3470 generatim
1476 3386 1556 3450 dicit

433 3506 586 3581 Persius;
608 3506 646 3567 ct.
668 3504 750 3567 Plat.
772 3503 898 3568 Phaedr.
919 3524 950 3585 p.
972 3505 1046 3569 150.
1066 3503 1224 3591 Ι);Ὄψις
1247 3508 1306 3588 γὰρ
1329 3501 1402 3591 ἡμῖν
1426 3500 1555 3589 ὀξυτάτη

432 3635 492 3709 Ιτῶν
514 3622 566 3689 διὰ
588 3630 641 3687 τοῦ
666 3624 808 3706 σώματος
833 3618 958 3708 ἔρχεται
982 3616 1210 3707 11111σέ1111]
1227 3623 1381 3710 φρόνησις
1400 3614 1460 3707 οὐχ
1483 3615 1556 3704 ὁρᾶ-

433 3763 484 3805 ται
502 3757 509 3771 ·
526 3739 643 3811 δεινοὺς
675 3740 733 3821 γὰρ
767 3733 803 3800 ἂν
836 3745 986 3823 παρεῖχεν
1019 3734 1147 3819 ἔρωτας,
1173 3733 1206 3800 εἴ
1225 3758 1252 3801 τι
1274 3744 1410 3800 τοιοῦτον
1442 3733 1556 3821 ἑαυτῆς

436 3853 560 3939 ἐναργὲς
592 3851 718 3919 εἴδωλον
751 3856 918 3939 παρείχετο
951 3847 996 3925 εἰς
1021 3852 1088 3939 ὄψιν
1122 3848 1176 3917 ἰόν.
1206 3889 1250 3896 -
1277 3850 1556 3935 intabescantque

433 3968 564 4051 relicta,
587 3969 797 4033 intabescant
824 3968 1005 4051 cupiditate
1032 3969 1166 4032 virtutis
1186 3988 1206 4031 a
1225 3988 1259 4031 se
1282 3968 1425 4041 relictae3
1453 3986 1557 4048 prava
1646 3995 1649 3999 ’

436 4104 551 4147 eorum
570 4085 734 4167 cupiditas
753 4082 870 4161 (libido
888 4103 936 4148 vs.
952 4085 1017 4163 36.)
1032 4085 1192 4166 puniatur
1207 4084 1389 4165 cupiditate
1408 4082 1557 4164 inexple-

434 4200 504 4273 bili.
525 4197 732 4265 intabescere
752 4221 853 4263 sensu
872 4200 1045 4264 translato.
1068 4200 1230 4265 Similiter
1248 4200 1328 4262 dicit
1347 4198 1405 4262 Ov.
1419 4197 1498 4261 Met.
1513 4196 1554 4259 H.

436 4316 510 4380 780.
532 4315 571 4378 de
590 4315 741 4380 Inuidia:
767 4314 849 4379 «Sed
867 4316 957 4381 videt
980 4318 1130 4398 ingratos
1148 4313 1393 4401 intabescitque
1411 4313 1555 4376 videndo

436 4430 613 4501 Successus
630 4432 837 4524 hominum».
854 4469 899 4477 -
910 4433 1042 4525 relicta,
1061 4432 1224 4496 ablativus
1241 4430 1413 4494 absolutus
1434 4428 1557 4511 ellipti-
