3917 5475
775 665 885 710 simu
901 667 950 712 m.
970 664 1029 710 103-
1043 663 1126 714 -106.
1462 644 1514 696 203

385 842 499 906 divitis
517 841 690 922 pertinent
710 839 799 904 tone
819 843 852 904 et
871 837 1024 904 ooudelae
1042 843 1100 916 (vs
1126 840 1219 906 lost.
1240 839 1333 903 anns
1353 841 1459 905 lectus
1480 843 1513 904 et

385 975 541 1022 erassum
570 973 749 1020 amomum
777 959 836 1032 (vs.
865 956 950 1021 104.)
977 954 1027 1018 De
1055 957 1165 1018 formo
1191 953 1398 1018 deminutive
1425 959 1512 1019 reste

387 1071 534 1134 scholio:
569 1070 850 1151 «Hypooorismos
869 1070 1018 1133 derisum
1039 1069 1236 1150 significat».
1265 1067 1396 1135 Beatus
1425 1091 1512 1152 saepe

385 1186 475 1250 idem
492 1184 667 1266 significet,
682 1184 770 1267 quod
789 1184 901 1258 dives;
922 1186 961 1247 of.
975 1183 1057 1248 Hor.
1071 1185 1132 1264 Ep.
1146 1185 1170 1248 L
1185 1185 1214 1259 d,
1225 1184 1377 1250 44—45:
1400 1185 1513 1264 «Quae-

385 1304 471 1366 ritnr
489 1306 666 1383 argentum
686 1301 866 1383 puerisque
887 1300 987 1364 beuta
1006 1299 1159 1363 creandis
1183 1299 1302 1369 Uxors.
1323 1301 1360 1363 A.
1381 1299 1414 1362 P.
1435 1301 1509 1364 mu.

386 1439 474 1501 sqq.:
500 1420 657 1480 «unctum
677 1417 735 1498 qui
753 1420 842 1478 reete
862 1435 988 1497 ponere
1012 1416 1185 1496 possit...
1206 1415 1361 1482 mirabor.
1382 1416 1411 1478 si
1430 1417 1512 1478 soiet

384 1535 474 1596 inter
492 1533 636 1596 Nosoere
655 1531 852 1594 mendacem
871 1552 1053 1613 verumque
1075 1531 1193 1596 beatem
1207 1532 1393 1601 amicum:
1414 1531 1509 1612 Prop.

384 1649 425 1712 Π.
440 1650 470 1721 9,
486 1648 547 1713 33:
572 1647 667 1710 «Noli
687 1647 855 1717 divitibus.
868 1648 940 1710 noli
960 1648 1111 1710 conferre
1130 1647 1277 1722 beatium
1297 1646 1371 1710 Juv.
1385 1646 1408 1710 I.
1424 1648 1511 1710 38ῃ

385 1764 449 1828 39:
474 1764 527 1826 «in
547 1763 666 1825 eaelum
686 1783 770 1845 quos
790 1763 902 1827 evehit
921 1763 1051 1844 optimo
1079 1764 1204 1826 summi
1231 1763 1327 1825 Nuno
1354 1764 1409 1826 vio
1434 1783 1511 1845 pro-

384 1899 506 1948 cessus.
536 1879 656 1941 vetulae
684 1879 795 1941 vesioo
825 1878 973 1958 bedleem
1000 1877 1101 1942 Gron.
1130 1878 1233 1942 Licin.
1260 1878 1311 1942 35.
1336 1899 1368 1961 p.
1390 1879 1440 1943 37.
1461 1879 1510 1942 B:

388 1993 522 2058 «beatos
542 1997 679 2075 egentes
699 1995 838 2057 fecere».
860 2031 904 2038 —
923 1993 995 2057 olto
1017 1991 1233 2076 Compositus
1253 1995 1347 2074 leole,
1366 1999 1404 2057 ut
1422 2015 1509 2057 mor-

382 2112 434 2174 tui
454 2111 565 2173 solent
583 2110 741 2190 componi
760 2110 796 2172 in
815 2109 902 2172 lecto
920 2109 1075 2185 funebri;
1096 2111 1135 2171 of.
1157 2108 1214 2173 Ov.
1235 2108 1313 2172 Met.
1331 2109 1386 2173 IX.
1401 2111 1511 2173 503-

383 2228 468 2291 504:
493 2245 647 2307 «pereum
665 2245 783 2305 precor
802 2229 880 2288 ente
908 2229 1048 2306 toroque
1068 2223 1202 2287 Mortuo
1229 2245 1441 2305 componor.»
1465 2262 1509 2270 -

382 2341 576 2425 crassisque
607 2341 739 2406 lutatus
767 2340 924 2418 umorum,
956 2359 1076 2422 oorpus
1108 2341 1232 2403 mortui
1260 2340 1508 2423 perungebatur

380 2459 564 2540 unguentis
581 2478 681 2521 suove
702 2457 879 2521 olentibus.
901 2457 1107 2522 of.Juv.1V.
1126 2458 1319 2523 108-109:
1344 2478 1520 2526 «amomo¹

381 2575 552 2654 Quantum
571 2574 625 2636 vix
643 2573 796 2636 redolent
815 2575 879 2637 tria
898 2575 1048 2637 sunere».
1069 2611 1114 2618 —
1131 2573 1324 2637 crassis...
1348 2575 1506 2653 amomis,

382 2690 461 2771 quie
472 2691 510 2753 in
521 2692 639 2753 funere
660 2690 807 2753 hominis
820 2689 932 2753 divitis
947 2709 1080 2753 smomo
1097 2709 1167 2753 non
1183 2690 1331 2770 poroitur
1340 2713 1348 2765 ;
1369 2691 1408 2755 ol.
1422 2691 1503 2755 Hor.

381 2807 419 2869 A.
441 2807 475 2869 P.
497 2807 581 2871 375:
615 2826 781 2869 «cressum
805 2811 1049 2887 unguentum».
1078 2844 1122 2851 —
1151 2806 1290 2887 lutulue’,
1310 2828 1411 2870 sensu
1429 2827 1506 2889 pro·

380 2924 475 3004 prio:
502 2923 576 2985 luto
604 2922 730 2997 illitus;
761 2922 823 2985 hoo
847 2922 921 2985 loeo
951 2923 1062 2985 iocose
1090 2943 1171 3003 pro:
1201 2923 1317 2986 illitus.
1339 2922 1385 2987 Cf.
1407 2922 1504 2987 Mort.

381 3037 466 3101 XIV.
481 3040 543 3102 50:
568 3037 634 3100 «Ne
652 3038 738 3101 lutet
756 3038 968 3101 immundum
988 3037 1113 3101 nitidos
1130 3059 1263 3103 oerome
1277 3039 1447 3120 capillos»,
1461 3078 1506 3085 -

382 3154 424 3220 lu
442 3156 578 3237 portam
596 3152 731 3239 rigidos
751 3154 860 3218 coloes
881 3153 1042 3234 sostendit,
1055 3174 1175 3235 eorpus
1192 3154 1231 3217 de
1248 3157 1319 3218 foro
1339 3160 1415 3236 post
1433 3157 1506 3218 lou-

382 3272 553 3340 dotionem
574 3279 765 3357 asportetur
777 3279 809 3337 et
823 3274 957 3337 effertur
978 3295 1016 3336 ex
1035 3273 1116 3337 urbe
1134 3295 1195 3355 per
1210 3279 1350 3355 portem,
1364 3279 1402 3338 ut
1415 3278 1505 3338 extre

381 3393 499 3456 urbem
522 3395 742 3465 oremoretur3
768 3410 844 3452 oum
863 3394 977 3453 eutem
998 3389 1140 3462 effertur,
1162 3389 1263 3472 pedes
1283 3390 1355 3453 eius
1372 3391 1410 3452 in
1429 3412 1504 3472 por-

381 3512 451 3571 tem
469 3509 557 3571 versi
578 3511 664 3577 eunt.
687 3508 764 3589 quie
783 3511 867 3571 teste
887 3508 997 3570 Plinio
1017 3508 1065 3584 (N.
1085 3507 1128 3570 H.
1149 3507 1218 3570 VH.
1239 3508 1311 3586 lm:
1342 3507 1426 3570 «ritu
1446 3529 1503 3570 na-

381 3628 463 3687 turae
483 3625 591 3705 eapite
612 3624 785 3686 hominem
804 3623 896 3705 gigni
918 3644 993 3687 mos
1012 3628 1071 3696 est,
1092 3623 1232 3706 podibus
1253 3623 1392 3687 efferri».
1415 3623 1521 3687 Mor--

380 3742 431 3803 tui
452 3760 583 3822 semper
603 3743 695 3802 extro
712 3738 829 3802 urbem
848 3739 1082 3802 oremobontur
1115 3742 1147 3802 et
1174 3738 1441 3820 sepeliebantur;
1462 3740 1502 3803 of.

380 3856 490 3939 legem
515 3855 690 3919 duodecim
710 3857 918 3921 tubulorum:
947 3856 1137 3920 «Mortuum
1167 3858 1204 3919 in
1231 3858 1311 3920 urbe
1339 3876 1382 3920 no
1411 3878 1504 3939 sepe-

380 3973 474 4035 lito».
494 4008 540 4017 —
558 3976 594 4039 ot
613 3973 727 4053 illum,
751 3974 942 4036 coniunctio
963 3978 1000 4039 ot
1019 3975 1082 4037 hoo
1109 3974 1183 4037 looo
1212 3995 1281 4037 non
1309 3975 1410 4038 hebet
1430 3995 1503 4038 sen-

381 4108 457 4152 sum
476 4086 739 4164 adversativum
761 4090 800 4152 of.
821 4089 917 4171 Prop.
939 4090 992 4155 IV.
1013 4092 1044 4164 4,
1068 4091 1216 4155 15-16ε
1241 4090 1347 4155 «Hine
1362 4092 1503 4173 Tarpeio

381 4203 450 4267 dese
477 4203 606 4266 fontem
633 4205 769 4268 libavit:
798 4209 834 4270 ut
854 4204 908 4271 illi
927 4205 1075 4287 Urgebot
1102 4206 1251 4270 medium
1278 4206 1390 4271 fictilis
1418 4228 1504 4271 urno

381 4322 511 4400 ceput».
532 4355 577 4363 —
595 4315 816 4385 Hesterni...
843 4318 1004 4402 Quiritem
1023 4321 1143 4397 liberti,
1165 4322 1222 4404 qui
1250 4323 1322 4386 heri
1343 4344 1381 4387 ex
1401 4325 1504 4389 servis

380 4436 468 4498 oivee
486 4434 632 4499 Romoni
650 4436 729 4499 faeti
750 4440 837 4512 sunt,
858 4440 1061 4501 testamento
1081 4440 1205 4502 mortui
1224 4442 1432 4504 manumissi.
1454 4439 1501 4504 Os.
