3917 5475
455 694 508 746 334
862 710 972 754 sauma
987 712 1028 754 vr.
1049 708 1172 753 41--41

455 896 586 955 menter
604 888 762 962 confudit,
784 892 821 951 ut
839 886 884 951 M.
909 887 1000 950 Iunii
1024 908 1134 968 opera,
1156 886 1319 949 dictatura
1338 886 1580 967 rempublicam

456 1005 721 1073 administrantis
735 1004 842 1084 spolia
854 1003 1003 1065 hostium
1016 1000 1113 1065 affixa
1129 1001 1273 1082 templis.
1289 1000 1427 1063 deorum
1446 1001 1579 1063 numini

455 1126 656 1194 consecrata,
678 1121 902 1183 instrumenta
929 1118 1058 1180 militiae
1087 1118 1198 1179 futura
1217 1116 1511 1179 convellerentur.»
1534 1153 1581 1159 -

455 1236 655 1321 chlamydas
666 1254 784 1320 rapum
794 1255 806 1315 ;
817 1232 1010 1313 chlamydes
1023 1232 1140 1311 regias.
1155 1251 1234 1293 nam
1247 1232 1283 1292 in
1294 1231 1465 1310 triumpho
1477 1231 1580 1292 etiam

457 1372 551 1432 reges
582 1351 670 1432 capti
702 1349 989 1431 producebantur;
1024 1347 1066 1408 iis
1101 1347 1210 1425 igitur.
1243 1346 1299 1426 qui
1335 1346 1370 1407 in
1401 1346 1463 1407 hoc
1494 1344 1579 1407 falso

455 1467 626 1546 triumpho
665 1485 758 1545 reges
794 1484 890 1544 agere
919 1461 1092 1534 debebant,
1123 1459 1274 1534 Caesonia
1308 1459 1500 1540 chlamydes
1528 1480 1580 1521 re-

455 1582 526 1661 gias
546 1579 714 1643 faciendas
743 1578 887 1642 curabat.
921 1575 967 1639 Os.
994 1575 1074 1638 Hor.
1103 1574 1209 1638 Carm.
1230 1575 1271 1638 ll.
1296 1576 1345 1643 1⁶2.
1370 1576 1508 1638 11—12.
1537 1576 1580 1637 de

455 1696 644 1777 triumpho:
667 1719 677 1751 s
684 1693 847 1775 ductaque
860 1713 920 1772 per
934 1691 1007 1754 vias
1018 1689 1148 1770 Regum
1161 1692 1246 1753 colla
1257 1691 1441 1752 minacium
1453 1714 1460 1765 ;
1481 1691 1578 1771 Prop.

454 1811 495 1874 Π.
520 1812 546 1873 1.
569 1811 719 1873 33---342

615 1924 676 1981 Aut
697 1942 803 1997 regum
827 1924 941 1981 auratis
964 1920 1153 1980 circumdata
1174 1921 1252 1979 colla
1273 1922 1390 1980 catenis

656 2040 803 2115 Actiaque
825 2042 860 2097 in
882 2058 968 2097 sacra
991 2056 1114 2097 currere
1136 2041 1237 2095 rostra
1257 2039 1321 2107 via;

456 2272 512 2336 Ov.
535 2293 574 2333 ex
592 2271 685 2333 Pont.
707 2269 764 2332 Ill.
786 2270 815 2337 ll.
841 2270 1024 2333 loe-110.
1046 2268 1086 2331 de
1115 2270 1285 2349 triumpho
1314 2269 1456 2333 Tiberii:
1481 2270 1580 2333 «Bar-

455 2387 534 2449 bara
554 2386 621 2448 iam
641 2384 728 2465 capti
748 2388 892 2465 poscunt
910 2384 1058 2463 insignia
1078 2404 1172 2464 reges
1191 2384 1356 2465 Textaque
1376 2386 1510 2449 fortuna
1530 2385 1579 2448 di-

454 2502 675 2579 vitiorasua.»
692 2538 736 2543 —
751 2499 841 2563 lateo
852 2517 1033 2582 puuctum
1052 2498 1092 2561 de
1111 2519 1258 2579 gausape
1272 2500 1311 2562 cf.
1327 2499 1580 2563 adnotationem

456 2616 497 2679 ad
516 2616 568 2679 lV.
591 2616 652 2678 37:
677 2615 889 2678 «balanatum
917 2635 1097 2695 gausape»;
1118 2615 1271 2677 hocloco
1292 2613 1458 2695 significat
1476 2617 1581 2679 falsos

456 2732 595 2813 capillos
615 2730 714 2794 rutilo
735 2730 853 2804 colore,
876 2751 958 2811 quos
977 2730 1011 2803 ii,
1033 2731 1089 2811 qui
1118 2730 1268 2811 captivos
1297 2730 1483 2796 Germanos
1503 2753 1580 2812 age-

455 2848 544 2921 bant,
566 2846 730 2926 capitibus
750 2845 977 2926 imponebant,
999 2849 1037 2907 ut
1057 2843 1234 2909 Germanis
1248 2847 1374 2910 similes
1388 2851 1508 2910 essent.
1529 2847 1579 2914 Cf.

457 2961 544 3026 Suet.
566 2961 633 3025 Cal.
656 2963 707 3025 47.
730 2981 830 3042 supra
841 2961 951 3025 laud:
976 2961 1130 3023 «rutilare
1145 2964 1178 3023 et
1191 2963 1398 3025 summittere
1415 2983 1578 3026 comam».

456 3077 570 3142 Simile
591 3075 748 3158 quiddam
772 3077 850 3138 fecit
873 3081 990 3157 postea
1018 3076 1241 3148 Domitianus,
1262 3076 1386 3160 dequo
1407 3078 1479 3142 Tac.
1500 3079 1578 3160 Agr.

456 3196 516 3259 39:
551 3193 682 3256 «lnerat
700 3193 905 3255 conscientia
924 3193 1049 3255 derisui
1068 3194 1171 3256 fuisse
1190 3214 1298 3275 nuper
1317 3194 1439 3256 falsum
1460 3215 1477 3257 e
1497 3194 1581 3259 Ger-

454 3309 568 3371 mania
586 3309 803 3388 triumphum,
827 3308 948 3388 emptis
967 3329 1028 3388 per
1046 3309 1253 3377 commercia.
1274 3329 1415 3389 quorum
1443 3310 1580 3372 habitus

456 3429 488 3487 et
516 3424 624 3485 crines
653 3424 688 3484 in
717 3423 922 3502 captivorum
954 3425 1099 3504 speciem
1128 3426 1379 3487 formarentur.»
1403 3463 1447 3468 —
1468 3425 1583 3504 lutca;

455 3539 564 3606 rutila.
585 3542 623 3600 ut
642 3538 759 3601 rutilos
777 3537 1021 3602 Germanorum
1040 3540 1180 3621 capillos
1199 3541 1411 3602 imitarentur
1421 3564 1429 3616 ;
1449 3542 1488 3603 ct
1503 3540 1579 3603 Tac.

456 3655 566 3720 Germ.
587 3655 617 3716 l.
641 3652 681 3715 de
703 3652 898 3717 Germanis:
924 3654 1038 3718 «Unde
1066 3656 1201 3718 habitus
1229 3676 1358 3737 quoque
1390 3676 1578 3737 corporum,

456 3788 657 3851 quamquam
677 3768 713 3829 in
732 3771 825 3829 tanto
846 3769 1022 3831 hominum
1034 3791 1184 3839 numero,
1206 3771 1294 3834 idem
1314 3772 1488 3838 omnibus:
1509 3776 1580 3835 tru-

455 3905 509 3946 ces
530 3887 562 3945 et
581 3882 712 3945 caerulei
732 3883 828 3956 oculi,
849 3883 1096 3964 rutilamina,
1116 3908 1238 3968 magna
1257 3908 1424 3968 corpora»
1448 3886 1579 3952 Latous

456 4002 506 4062 est
524 4000 609 4060 teste
630 3997 713 4061 Gell.
743 3996 784 4060 ΙΙ.
807 3999 857 4061 26.
888 4000 979 4062 color
1007 4004 1100 4065 rufus
1129 4001 1274 4065 dilutior.
1294 4040 1339 4047 —
1358 4001 1582 4087 Esscdaquc;

455 4134 579 4187 currus,
602 4113 720 4195 quibus
741 4113 830 4177 Galli
859 4119 892 4177 et
919 4115 1073 4180 Britanni
1102 4120 1138 4180 in
1166 4120 1288 4199 pugnis
1316 4119 1515 4195 utebantur3
1536 4121 1577 4182 cf.

456 4232 550 4311 l'erg.
574 4230 622 4295 Ge
641 4230 699 4293 ΠΙ.
721 4232 806 4306 υ204;
826 4230 905 4296 Caes.
924 4233 959 4297 B.
983 4233 1020 4298 G.
1042 4234 1094 4298 IV.
1118 4235 1178 4309 33;
1199 4234 1271 4297 Tac.
1302 4235 1376 4314 Agr.
1408 4235 1459 4296 35.
1490 4233 1579 4297 Cali-

456 4348 534 4429 gula
553 4351 640 4409 certe
661 4347 777 4409 esseda
795 4348 989 4412 Britannica
1009 4351 1045 4412 in
1064 4334 1234 4430 triumpho
1257 4350 1432 4412 ostendere
1459 4349 1577 4425 voluit,

456 4463 533 4544 quia
554 4482 587 4525 se
607 4465 713 4524 totam
734 4461 903 4542 subegisse
922 4463 1132 4526 Britanniam
1156 4465 1276 4526 litteris
1303 4465 1445 4526 Romam
1464 4465 1579 4528 missia
