3917 5475
464 666 517 721 332
873 689 983 732 amm
998 690 1041 736 n.
1058 687 1105 732 41-
1123 686 1181 733 -47,

517 864 621 929 Pars
658 864 805 944 quinta
840 867 879 941 lv.
912 866 965 927 41-
985 866 1067 932 -ttu
1099 862 1142 928 At
1177 884 1256 930 ouui
1288 862 1408 928 herede
1439 866 1611 929 seoretius·

465 977 638 1065 ooeueluui
668 983 740 1061 esl‚·
770 979 887 1063 itaque
916 998 995 1043 eum
1027 997 1063 1043 eo
1097 980 1165 1043 lule
1199 979 1411 1064 colloquium
1445 979 1592 1047 iustiluit

460 1099 572 1181 poeto.
599 1093 803 1182 «Eyeeqiuui
826 1094 1041 1179 triumphum.
1059 1133 1103 1138 —-
1123 1094 1172 1159 uil
1187 1134 1230 1139 —-
1246 1093 1362 1160 Caesoi·
1380 1095 1421 1161 de
1446 1094 1590 1162 Geruio·

463 1212 519 1277 uis
551 1215 692 1276 uolutus
723 1215 793 1276 est:
823 1230 930 1295 quoue
961 1228 1021 1296 eqo
1054 1210 1150 1275 leatus
1179 1208 1431 1296 yludioloiiuui
1461 1233 1591 1279 muuus

463 1326 565 1393 edum
591 1331 621 1391 et
646 1326 759 1391 oleuui
780 1329 882 1410 <itque
909 1323 1170 1390 uisoeootioueui.
1197 1326 1327 1410 populo
1357 1326 1457 1393 dubo.
1486 1328 1588 1407 Quid,
1653 1328 1659 1338 '

464 1462 548 1506 uum
569 1446 606 1507 tu
621 1438 830 1525 uolitat»
856 1438 943 1505 Cum
962 1439 1058 1504 heres
1078 1438 1365 1526 iudiyuubuuclus
1385 1460 1490 1528 aoros
1508 1441 1590 1508 Per-

462 1557 506 1621 sii
526 1556 655 1622 talibus
674 1555 917 1642 luryiliouibus
934 1574 1007 1621 uou
1023 1556 1180 1642 sufficere
1196 1556 1297 1632 dicul,
1315 1556 1498 1643 respondet
1510 1559 1570 1624 ille
1581 1580 1591 1623 :

467 1670 525 1738 «Si
545 1670 607 1736 tibi
626 1670 705 1757 oqui
733 1671 801 1734 mei
830 1690 901 1737 uou
924 1671 1073 1756 pluoeul,
1094 1671 1197 1757 [uuile
1226 1672 1400 1737 iuueuium
1432 1672 1591 1738 heredem

464 1787 598 1868 ulium,·
627 1806 720 1861 ilum,
753 1786 784 1851 s?
815 1785 972 1851 heredem
1000 1787 1138 1852 uullum
1163 1786 1292 1852 bubebo
1322 1809 1365 1852 eoo
1393 1789 1532 1875 uouotis
1558 1794 1592 1854 el

463 1903 626 1990 coquetis.
647 1905 770 1986 piueslo
795 1897 859 1966 erit
878 1900 964 1965 mibi
984 1900 1080 1966 lieres
1099 1899 1146 1967 ool
1164 1901 1291 1966 olioum
1321 1901 1426 1972 Viobi,
1449 1904 1592 1970 Meuius

463 2017 607 2104 quidum
629 2016 791 2082 dt‘ieiuus
812 2016 900 2081 iuter
924 2036 1098 2099 pauperes
1128 2021 1159 2081 et
1186 2015 1454 2103 mendieosoui
1473 2018 1588 2083 libeu-

463 2139 594 2202 lissime
615 2134 717 2199 ooleut
739 2134 827 2197 bouo
846 2151 930 2197 meu.
954 2132 994 2200 Si
1015 2136 1051 2196 lu
1071 2132 1226 2202 obiioius.
1249 2153 1317 2199 esse
1337 2134 1439 2199 illum
1459 2136 1587 2201 obseu-

459 2272 539 2318 uulu
560 2257 591 2317 et
610 2250 804 2337 iuuabilem.
827 2246 863 2310 id
891 2267 951 2334 eoo
980 2268 1051 2313 uou
1081 2268 1172 2324 euro,
1194 2271 1277 2315 uum
1308 2271 1424 2315 meum
1453 2270 1590 2336 quoque

461 2388 577 2455 qeuus.
599 2366 628 2430 si
649 2365 753 2429 ullius
783 2360 961 2433 usoeudos,
984 2362 1029 2428 od
1050 2364 1205 2448 iquoluui
1236 2366 1390 2449 aliquem
1418 2366 1587 2432 oeduoeu-

461 2484 545 2549 duui
566 2486 623 2554 est,
646 2502 667 2545 u
687 2499 753 2564 quo
774 2478 863 2544 uibil
882 2478 995 2564 differt
1014 2478 1154 2545 Meuius
1175 2480 1266 2549 ille».

514 2599 551 2662 V.
573 2598 715 2661 41—47.
738 2614 842 2661 uleus.
863 2595 1034 2657 vocativus
1062 2617 1122 2677 pro
1149 2598 1206 2666 tui,
1236 2602 1273 2660 ut
1299 2598 1395 2679 Verg.
1427 2600 1508 2662 Aen.
1528 2598 1584 2662 VI.

462 2715 545 2781 836:
571 2712 725 2793 «sanguis
754 2712 886 2773 mouet»
919 2748 963 2754 -—
996 2708 1160 2795 Quisquis
1189 2712 1278 2793 eris;
1304 2713 1392 2795 quod
1421 2713 1587 2797 signifieat

461 2833 624 2899 Persium*
636 2830 710 2911 quis
727 2830 824 2890 heros
837 2828 968 2889 futurus
982 2829 1033 2902 ait,
1051 2830 1190 2891 minime
1208 2849 1331 2892 aurare.
1345 2867 1390 2873 —
1401 2829 1552 2913 paulum
1564 2850 1588 2893 u

461 2947 562 3013 turbu
592 2943 763 3009 seductior
788 2941 881 3021 audi,
911 2945 948 3003 ut
975 2942 1117 3006 testibus
1145 2945 1281 3006 remotis
1308 2944 1447 3007 liberius
1474 2949 1588 3009 tooum

461 3064 650 3142 ooquua1·;
672 3061 710 3121 ol.
734 3056 985 3121 adnotationem
999 3057 1040 3120 ad
1052 3057 1093 3120 H.
1107 3060 1147 3121 4:
1165 3057 1386 3122 «seductis...
1408 3058 1527 3124 diuis».
1542 3096 1589 3104 —

465 3178 609 3257 Oboue,
634 3180 671 3238 ut
700 3174 758 3237 ΙΙΙ.
793 3174 853 3236 94:
879 3172 1000 3248 «Heua,
1030 3173 1145 3237 bone.»
1169 3211 1213 3217 —
1233 3193 1316 3237 uum
1343 3172 1514 3260 iouorusl
1541 3195 1586 3239 so.

460 3296 634 3360 victoriam
656 3291 803 3358 Caesario.
826 3289 866 3350 de
886 3310 949 3369 qua
970 3309 1088 3352 omnes
1108 3291 1300 3370 loquuntur.
1321 3289 1393 3353 Vsa.
1416 3310 1484 3371 sqq.
1503 3290 1588 3352 allu-

460 3412 509 3475 dit
529 3411 570 3473 ad
589 3407 763 3471 ridiculam
784 3404 942 3485 Caligulae
971 3407 1149 3481 insaniam,
1170 3407 1236 3488 qui,
1257 3410 1435 3487 postquam
1456 3427 1587 3470 summo

461 3528 626 3608 apparatu
646 3523 825 3585 exereitum
850 3523 966 3582 eontra
996 3519 1182 3584 Germanos
1203 3524 1235 3582 et
1253 3520 1435 3584 Britannos
1465 3520 1587 3595 eduxit,

460 3642 548 3707 nihil
568 3640 646 3704 serii
667 3636 795 3717 agendo
816 3640 921 3699 totam
951 3637 1200 3717 expeditionem
1219 3638 1256 3698 in
1274 3637 1459 3701 ludibrium
1476 3637 1587 3711 vertit,

459 3761 578 3841 postea
596 3760 711 3818 tamen
740 3754 833 3835 quasi
862 3753 959 3814 vietis
989 3753 1141 3815 hostibus
1169 3754 1379 3834 triumphum
1408 3754 1538 3833 paravit
1558 3774 1587 3816 a.

461 3879 513 3940 40.
535 3895 565 3954 p.
588 3872 662 3936 Chr.
685 3893 717 3934 n.
739 3870 785 3934 Of.
813 3869 902 3935 Suet.
931 3870 999 3934 Cal.
1030 3872 1082 3933 43.
1115 3891 1203 3952 sqq.;
1230 3872 1303 3934 Tae.
1333 3868 1444 3933 Germ.
1473 3870 1523 3933 37.
1544 3905 1591 3912 —

461 3991 572 4056 missu
592 3991 641 4052 est
661 4007 683 4050 it
704 3984 836 4051 Coesuue
858 3986 978 4050 luuuus
989 4008 1000 4067 ‚·
1018 3987 1251 4068 intellegenda
1282 3990 1360 4050 sunt
1377 3987 1498 4048 litterae
1516 3985 1589 4047 lau-

459 4109 568 4174 reatae.
600 4103 719 4185 quibus
755 4104 973 4183 imperatores
1007 4105 1182 4167 victoriam
1210 4081 1353 4166 senatui
1374 4102 1587 4165 nuntiabant.

463 4223 508 4287 Of.
529 4221 614 4283 Plin.
636 4218 672 4280 N.
694 4217 735 4281 H.
758 4217 824 4280 XV.
850 4218 931 4280 133:
956 4217 1136 4280 «Romanis
1155 4219 1322 4298 praeeipue
1340 4217 1466 4279 laetitiae
1485 4216 1590 4278 victo-

461 4340 654 4415 riarumque
674 4334 793 4395 nuntia
819 4331 951 4395 additur
978 4333 1116 4411 (laurus)
1144 4333 1298 4408 litorium
1329 4331 1438 4396 Sohol.
1460 4332 1496 4393 in
1514 4331 1588 4394 Juv.

462 4453 516 4517 IV.
541 4452 622 4514 149:
648 4449 773 4510 «Antea
795 4449 822 4509 ai
842 4449 921 4528 quid
940 4449 1144 4510 nuntiabant
1164 4449 1319 4510 eonsules
1339 4449 1375 4509 in
1394 4448 1511 4510 urbem
1530 4467 1593 4539 por
