3917 5475
886 711 996 758 SfflRA
1011 713 1039 758 V.
1059 711 1210 758 118—114.

652 888 711 960 Qui
731 889 842 947 melior
863 906 959 959 servo,
983 887 1035 965 qui
1056 887 1181 948 liberior
1201 890 1241 947 sit
1263 909 1380 959 avarus,

650 1003 689 1063 ln
711 1005 811 1063 triviis
832 1003 927 1063 fixum
950 1024 1021 1063 cum
1042 1023 1073 1062 se
1096 1003 1232 1063 demittit
1253 1005 1291 1064 ob
1313 1025 1421 1066 assem.

490 1267 533 1273 ——
552 1225 660 1313 laque
681 1229 750 1294 lato
770 1227 890 1311 fixam,
911 1229 1097 1291 rectissime
1117 1228 1285 1309 explicant
1304 1231 1450 1295 scholia:
1475 1228 1610 1294 «Solent

490 1345 594 1424 pueri,
615 1347 652 1406 ut
671 1343 801 1407 ridendi
825 1362 959 1406 causam
985 1343 1140 1418 habeant,
1162 1364 1270 1406 assem
1290 1332 1328 1406 in
1347 1345 1438 1408 silice
1458 1345 1609 1426 plumba-

490 1465 563 1522 tum
580 1458 690 1540 figere,
710 1459 823 1541 utqui
851 1458 1004 1532 viderint,
1026 1480 1061 1521 se
1081 1459 1123 1522 ad
1140 1460 1328 1523 tollendum
1350 1482 1425 1524 eum
1445 1462 1610 1527 inclinent

491 1595 551 1638 nec
569 1579 684 1638 tamen
711 1576 843 1656 possint
871 1576 1023 1639 evellere.
1055 1575 1126 1654 Quo
1155 1575 1242 1638 facto
1266 1577 1363 1656 pueri
1382 1577 1483 1639 etiam
1503 1578 1609 1642 acela-

491 1711 582 1756 mare
602 1691 740 1762 solent»,
772 1690 818 1755 Cf.
852 1692 981 1755 Petron.
1003 1692 1056 1754 43.
1078 1691 1119 1754 de
1138 1711 1256 1756 avaro:
1281 1693 1340 1755 «ab
1360 1714 1434 1757 asse
1454 1695 1556 1757 crevit
1577 1696 1609 1756 et

490 1810 626 1888 paratus
646 1808 709 1870 fuit
736 1807 954 1889 quadrantem
974 1806 1016 1870 de
1036 1810 1179 1871 stercore
1206 1808 1374 1873 mordicus
1394 1810 1542 1873 tollere.»
1564 1847 1610 1853 —

489 1919 751 1995 transscendere,
772 1924 949 2004 praeterire,
970 1943 1041 1986 non
1059 1923 1184 1986 tollere.
1196 1960 1241 1968 —-
1253 1922 1322 1988 Nee
1341 1922 1454 2010 platta
1473 1925 1610 1990 sartae

489 2038 636 2104 salicara
656 2037 905 2114 Mercurialem,
928 2043 960 2102 et
981 2038 1199 2120 cupiditatem
1217 2040 1302 2103 lucri
1321 2060 1391 2104 non
1411 2042 1543 2105 sentire.
1565 2079 1610 2085 —

488 2154 611 2241 platta,
632 2156 759 2235 gluttus
789 2160 838 2218 est
865 2156 1001 2237 proprio
1022 2176 1123 2218 sensu
1152 2176 1262 2227 sonus,
1293 2157 1350 2238 qui
1368 2157 1511 2231 auditur,
1533 2178 1608 2222 cum

490 2270 616 2355 aliquid
639 2269 734 2336 avide
763 2271 967 2335 devoramus.
1003 2267 1125 2335 Glalla
1152 2271 1286 2335 sorbere
1315 2272 1416 2353 igitur
1445 2272 1611 2354 significat

490 2389 585 2454 avide
601 2388 767 2452 devorare.
785 2425 829 2430 —
844 2387 978 2451 sorbere
991 2387 1140 2451 salicara
1152 2387 1273 2451 dicitur
1291 2388 1329 2463 is,
1351 2389 1408 2469 qui
1426 2388 1609 2470 cupiditate

490 2507 601 2588 aliqua
622 2509 671 2568 est
690 2505 856 2567 incitatus.
879 2502 925 2566 Cf.
949 2501 1062 2567 Senec.
1083 2504 1142 2586 Ep.
1167 2507 1217 2579 79,
1239 2507 1277 2569 7:
1303 2506 1387 2568 «Aut
1407 2524 1467 2585 ego
1486 2508 1520 2567 te
1539 2524 1611 2568 non

490 2623 568 2686 novi
592 2624 649 2684 aut
676 2621 784 2683 Aetna
811 2620 871 2682 tibi
890 2618 1038 2684 salivam
1057 2623 1173 2685 maaet.
1195 2621 1267 2683 lam
1289 2622 1384 2702 cupis
1403 2620 1528 2701 grande
1548 2621 1610 2683 ali-

491 2739 569 2821 quid
589 2741 622 2801 et
640 2759 701 2820 par
718 2737 885 2819 prioribus
910 2736 1082 2800 scribere».
1104 2776 1148 2782 —
1167 2736 1417 2812 Mercurialem,
1448 2737 1610 2818 quiahoc

489 2855 562 2918 loco
584 2855 687 2918 saliva
715 2856 798 2917 lucri
818 2854 1000 2935 cupiditate
1028 2858 1180 2918 movetur
1191 2877 1198 2929 ;
1219 2852 1404 2916 Mercurius
1424 2856 1538 2915 autem
1558 2857 1610 2915 est

491 2970 572 3033 deus
590 2970 682 3033 lucri.
705 2969 751 3034 cf.
773 2970 852 3032 Hor.
875 2967 940 3033 Sat,
962 2970 1003 3031 H.
1027 2971 1055 3039 3,
1077 2970 1227 3032 dcl—⁹26:

649 3130 766 3190 Hortos
788 3130 984 3205 egregiasque
1006 3129 1114 3188 domos
1135 3132 1301 3187 mercarier
1322 3147 1402 3187 unus
1491 3184 1530 3259 ι

652 3248 728 3308 Cum
749 3248 832 3306 lucro
854 3266 981 3315 noram3
1005 3244 1087 3303 unde
1108 3245 1282 3320 frequentia
1304 3246 1491 3306 illcreariule

649 3363 826 3437 Imposuere
848 3361 924 3419 mihi
946 3380 1118 3435 cognomen
1139 3362 1282 3436 compita.

543 3555 578 3617 V.
604 3553 785 3616 113—114.
812 3548 913 3615 «Hace
933 3569 1011 3614 raca
1029 3552 1117 3624 saut,
1139 3551 1251 3613 leaeo»
1275 3569 1353 3613 caea
1371 3570 1448 3616 aere
1466 3549 1611 3628 deseris,

489 3690 564 3733 cum
585 3670 656 3732 iure
675 3668 796 3731 dixeris
815 3667 876 3730 tibi
895 3669 1061 3748 praecepta
1079 3665 1301 3746 philosophiae
1320 3671 1400 3730 nota
1420 3687 1492 3730 esse
1512 3671 1613 3750 teque

492 3806 530 3849 ea
550 3786 651 3865 sequi.
673 3822 717 3828 —
735 3781 817 3849 Haee
848 3802 923 3847 raea
942 3783 1030 3852 saal,
1061 3780 1181 3844 alludit
1209 3782 1251 3845 ad
1271 3782 1448 3846 formulam
1468 3784 1505 3846 in
1524 3783 1612 3845 iudi-

490 3902 550 3964 ciis
571 3900 787 3964 sollemnem:
817 3918 931 3963 raeara
957 3900 1015 3971 est,
1037 3897 1077 3960 de
1097 3918 1161 3979 qua
1181 3898 1255 3961 vide
1274 3898 1420 3962 Brisson.
1442 3899 1492 3962 De
1512 3900 1610 3963 form.

489 4017 567 4080 LV.
593 4018 618 4095 ξ.
644 4016 692 4079 19.
714 4014 761 4079 Cf.
782 4016 876 4097 Verg.
907 4016 974 4077 Ecl.
1005 4014 1060 4078 IX.
1082 4017 1122 4079 4:
1155 4017 1241 4078 «haec
1270 4036 1345 4079 mea
1365 4020 1451 4088 sunt,
1480 4021 1614 4080 veteres

490 4134 629 4213 migrate
659 4131 798 4194 coloni.»
829 4169 873 4175 —
901 4134 1005 4204 terreo,
1035 4132 1198 4213 possideo.
1229 4131 1326 4212 Apud
1354 4130 1613 4195 iurisconsultos

490 4248 650 4309 occurrit:
683 4246 797 4324 «Quod
816 4251 853 4309 tu
872 4268 985 4309 meum
1005 4248 1117 4316 habes,
1138 4251 1242 4314 tenes.
1264 4247 1447 4327 possides».
1470 4245 1516 4310 cf.
1538 4246 1610 4310 Tib.

488 4362 513 4426 L
538 4363 565 4430 1.
590 4362 693 4425 l--liz
