3917 5475
458 635 511 687 284
855 657 965 702 samaa
980 659 1008 702 V.
1028 656 1177 703 rsa—131.

454 833 545 896 laera
574 834 749 896 hominum
773 835 886 916 lignea
914 836 1026 898 nervis
1055 839 1233 898 moventur
1256 839 1289 898 et
1313 838 1491 916 agitantur,
1520 839 1576 901 de-

458 951 599 1030 sumpta,
621 968 686 1030 qua
704 970 786 1013 usus
806 954 855 1013 est
876 951 976 1013 etiam
995 949 1075 1012 Hor.
1099 949 1164 1014 Sat.
1185 950 1226 1014 ΙΙ.
1249 954 1278 1025 7,
1301 952 1451 1016 81—8a:

577 1103 629 1174 Tu,
652 1103 731 1161 mihi
753 1107 806 1179 qui
826 1105 996 1181 imperitas,
1020 1106 1088 1163 aliis
1109 1108 1205 1163 servis
1226 1109 1322 1164 miser
1342 1111 1433 1181 atque

577 1220 715 1288 Ducena,
737 1222 772 1280 ut
793 1222 896 1279 nervis
919 1221 1029 1279 alienis
1050 1221 1163 1280 mobile
1186 1221 1313 1296 lignum.

457 1411 588 1472 Primus
607 1409 885 1490 philosophorum
901 1412 989 1472 hana
1004 1411 1185 1490 imaginem
1205 1411 1298 1473 Plato
1312 1411 1464 1475 adhibuit
1476 1413 1576 1496 Legg.

457 1528 482 1589 Ι.
502 1547 535 1608 p.
556 1527 630 1588 644.
651 1525 695 1589 E:
715 1523 794 1588 Τόδε
820 1526 854 1588 δὲ
877 1522 974 1612 ἴσμεν,
997 1523 1043 1589 ὅτι
1068 1535 1165 1589 ταῦτα
1192 1529 1337 1612 τὰπάθη
1359 1527 1390 1591 ἐν
1409 1526 1492 1615 ἡμῖν,
1514 1527 1577 1595 οἷον

459 1650 552 1724 νεῦρα
570 1640 590 1728 ἢ
611 1643 777 1729 σμήρινθοί
795 1663 872 1714 τινες
894 1639 1026 1714 ἐνοῦσαι,
1054 1652 1152 1705 σπῶσι
1172 1663 1203 1705 τε
1222 1639 1307 1728 ἡμᾶς
1338 1648 1391 1707 καὶ
1422 1642 1577 1731 ἀλλήλαις

460 1756 663 1822 ἀνθέλκουσιν
684 1757 817 1821 ἐναντίαι
836 1752 926 1820 οὖσαι
946 1755 993 1820 ἐπ’
1016 1755 1155 1830 ἐναντίας
1176 1757 1311 1839 πράξεις.
1332 1758 1461 1823 Deinde
1475 1759 1578 1825 Stoici

459 1873 641 1955 saepissime
661 1872 901 1954 eomparabant
920 1874 1075 1936 homines
1103 1874 1213 1954 pravis
1242 1873 1414 1937 affectibus
1435 1880 1467 1939 et
1487 1879 1579 1958 eupi-

459 1988 618 2051 ditatibus
637 1991 686 2066 (τὰ
704 1989 803 2074 τάθη)
822 1988 1014 2051 laborantes
1033 1989 1140 2071 iisque
1152 1993 1310 2071 parentes
1323 2011 1397 2053 eum
1411 1997 1578 2074 νευροσπά-

459 2128 550 2179 στοις,
569 2107 605 2166 ut
625 2105 768 2184 exempli
786 2105 892 2185 gratia
912 2103 1014 2168 Mare.
1032 2106 1109 2168 Aur.
1129 2105 1202 2169 XII.
1227 2107 1284 2170 19:
1307 2103 1429 2170 Αἵσθοο
1445 2112 1517 2171 τοτὲ
1532 2106 1580 2172 ὅτι

455 2226 590 2306 κρεῖττόν
608 2244 635 2283 τι
653 2224 706 2285 καὶ
728 2220 962 2306 δαιμονιώτερον
992 2221 1075 2307 ἔχεις
1093 2221 1124 2284 ἐν
1149 2235 1251 2306 σαοτῷ
1274 2235 1331 2286 τῶν
1350 2225 1494 2310 τὰπάθη
1513 2246 1579 2288 ποι-

459 2342 570 2402 ούντων
586 2340 639 2401 καὶ
654 2335 801 2408 καθάπαξ
813 2347 870 2399 τῶν
886 2340 1189 2420 νεοροσπαστούντιον
1207 2361 1252 2401 σε.
1271 2339 1403 2402 Persius
1419 2340 1481 2402 hae
1497 2340 1580 2401 ima-

458 2455 536 2534 gine
559 2453 738 2515 transitum
759 2457 854 2533 parat
874 2452 915 2515 ad
935 2454 1127 2534 aequantia:
1153 2454 1218 2516 «Tu
1237 2475 1306 2516 non
1327 2455 1449 2517 esiam
1475 2459 1579 2538 νεορό-

460 2591 596 2633 σταστον
621 2567 757 2642 domini,
784 2567 842 2630 sed
865 2572 978 2630 tamen
1003 2573 1228 2651 νεορόστταστον
1253 2591 1288 2632 es
1307 2570 1528 2652 cupiditatum
1549 2574 1582 2633 et

459 2707 638 2770 pravorum
667 2683 845 2747 affectuum
872 2686 942 2762 (τῶν
970 2686 1123 2753 παθοινλν.
1149 2723 1186 2728 --
1209 2683 1308 2764 Quod
1327 2705 1447 2753 enervos
1465 2686 1579 2772 agitet,

460 2807 499 2867 ef.
525 2802 622 2884 Apul.
651 2800 700 2863 De
725 2800 839 2863 mund.
861 2802 912 2864 97.
934 2799 973 2863 de
994 2806 1251 2885 νεοροσποίστοιςε
1285 2803 1443 2881 «Quando
1473 2802 1581 2866 filium

461 2918 610 2993 membri,
632 2916 719 2998 quod
739 2915 871 3001 agitare
892 2916 1010 2990 solent,
1031 2918 1223 2981 traxerint».

514 3034 550 3097 V.
575 3032 757 3097 raa—131.
786 3030 842 3094 sed
862 3031 894 3096 si
917 3032 1019 3107 intus,
1049 3035 1085 3095 in
1114 3036 1226 3097 animo
1254 3038 1322 3097 tue.
1345 3034 1469 3099 Sensus
1496 3036 1581 3098 loci:

462 3153 555 3214 euius
575 3151 612 3212 in
631 3150 743 3212 animo
764 3147 901 3210 affectus
921 3151 968 3226 (τὰ
987 3152 1087 3235 τάθη)
1106 3150 1331 3225 dominantur,
1347 3152 1478 3214 etiamsi
1492 3171 1511 3213 a
1523 3150 1581 3214 de-

462 3267 554 3329 mine
573 3265 800 3328 manumissus
821 3268 879 3331 est.
901 3264 1135 3327 nihilominus
1156 3270 1205 3329 est
1225 3287 1348 3341 servus,
1363 3286 1463 3348 quam
1482 3269 1582 3328 antea

463 3384 533 3445 fuit.
615 3381 650 3444 ia
667 3380 774 3443 iacere
791 3398 891 3465 (agra,
910 3382 989 3461 quia
1005 3383 1096 3444 ieeur
1113 3386 1162 3446 est
1182 3384 1395 3464 antiquorum
1416 3382 1583 3444 sententia

464 3498 558 3561 sedes
578 3496 756 3560 affectuum
776 3506 843 3573 (τῶν
856 3498 987 3575 παθῶν),
1002 3498 1058 3578 qui
1071 3498 1242 3560 hominem
1258 3498 1400 3561 liberum
1421 3517 1492 3559 esse
1512 3517 1583 3559 nen

464 3616 596 3690 sinunt3
618 3613 656 3674 ef.
678 3612 701 3673 Ι.
725 3613 785 3675 θὸε
811 3615 927 3693 «rupto
946 3613 1085 3675 ieeere».
1106 3614 1160 3676 Ira
1179 3615 1363 3695 praesertim
1384 3617 1416 3676 et
1435 3633 1528 3676 amer
1547 3612 1584 3674 in

463 3734 571 3794 iecore
591 3729 752 3792 habitant.
774 3726 820 3790 Of.
842 3728 921 3790 Hor.
943 3728 1003 3809 Ep.
1028 3730 1052 3791 Ι,
1078 3731 1126 3804 18,
1150 3731 1209 3794 ῖθ;
1235 3730 1326 3793 «Non
1346 3730 1468 3792 aneilla
1486 3732 1584 3791 tuum

465 3852 556 3911 ieeur
574 3844 699 3908 ulceret
718 3843 788 3905 ulla
807 3864 963 3924 puerve»;
984 3844 1003 3906 J
1005 3865 1055 3907 uv.
1074 3846 1098 3908 I.
1114 3847 1175 3909 45:
1200 3850 1343 3928 «quanta
1356 3846 1480 3907 siacum
1492 3844 1586 3905 ieeur

465 3966 579 4029 ardeat
599 3962 678 4033 ira»,
699 3958 752 4021 VI.
775 3960 858 4021 648:
883 3960 993 4022 «rabie
1012 3961 1103 4023 ieeur
1122 3962 1322 4024 incendente
1330 3984 1341 4018 ν
1348 3984 1355 4036 ;
1375 3960 1455 4022 Hor.
1474 3958 1583 4023 Carm.

463 4083 488 4145 Ι.
515 4080 562 4155 ίθ,
584 4081 623 4141 4:
648 4077 811 4138 «Fervens
831 4076 958 4138 difficili
974 4077 1041 4139 bile
1054 4082 1161 4140 tumet
1179 4080 1301 4140 ieeur».
1321 4114 1365 4120 —
1384 4074 1587 4140 Nascuntur

465 4193 606 4263 ιίονιιίιιί,
628 4193 764 4256 effeetus
784 4196 832 4271 (τὰ
856 4196 964 4279 πάθη),
988 4214 1069 4274 quos
1095 4192 1198 4257 Stoici
1223 4193 1376 4256 dominos
1405 4191 1586 4254 stultorum

465 4311 636 4375 vocabant.
668 4308 713 4372 Of.
745 4310 849 4392 Epist.
881 4310 920 4372 ΙΙ.
955 4311 980 4381 1,
1006 4310 1066 4373 ν28ε
1087 4307 1175 4373 Ἐπεὶ
1200 4312 1245 4377 σι’),
1267 4304 1413 4379 ὁᾶλλοος
1444 4310 1587 4393 στρέφειν

468 4428 644 4514 δυνάμενος,
667 4422 777 4491 οθδὲνα
797 4426 882 4511 ἔχεις
910 4429 1015 4508 κόριον
1027 4450 1034 4502 ;
1056 4422 1112 4490 οὐκ
1132 4422 1284 4508 ἀργύριον,
1306 4418 1341 4486 οὐ
1366 4424 1521 4505 κοράσιον,
1550 4416 1587 4485 οἰ)
