3917 5475
854 1231 1082 1314 SATIRA
1109 1230 1168 1311 ΙΙ.

452 1456 503 1517 As
531 1456 712 1515 licerinum
742 1452 781 1512 de
813 1451 922 1528 impiis
952 1453 988 1509 et
1017 1450 1129 1510 stultis
1158 1450 1325 1509 hominum
1354 1453 1442 1510 votis
1466 1451 1573 1528 deque

789 1587 893 1645 prava
912 1568 947 1625 in
967 1566 1070 1626 sacris
1089 1565 1230 1624 luxuria.

502 1784 741 1850 Exordium
759 1787 799 1861 (v.
824 1784 850 1844 1-
876 1784 931 1851 -it
949 1779 1052 1845 Poeta
1072 1780 1270 1864 protelatur
1293 1779 1398 1846 l'lotie
1415 1781 1573 1848 licetine

451 1902 541 1968 diem
560 1901 712 1965 nectutem
736 1898 981 1982 aperitionem
1014 1894 1182 1975 hortatur,
1200 1898 1238 1959 nt
1270 1893 1418 1962 Genium
1446 1899 1574 1982 faustis

451 2016 552 2082 niteat
569 2016 749 2101 preeibue;
766 2013 828 2078 scit
848 2011 936 2076 enim
958 2031 1032 2075 eura
1061 2029 1126 2074 aon
1157 2011 1226 2073 erici
1256 2011 1345 2075 berea
1371 2017 1533 2097 rectoque
1553 2036 1572 2078 a

449 2133 516 2198 diis
532 2107 680 2216 pecare.

502 2248 538 2311 V.
564 2249 591 2309 1-
627 2249 657 2309 t.
679 2243 798 2309 Hune.
815 2295 843 2307 ..
866 2242 967 2324 ctum,
991 2243 1080 2305 diem
1108 2243 1264 2305 natalem.
1348 2241 1513 2324 Macrine,
1533 2247 1572 2308 cf.

451 2364 596 2427 scholia:
633 2362 746 2423 «Hanc
775 2360 912 2423 satiram
940 2358 983 2421 ad
1012 2357 1163 2422 Plotium
1192 2358 1387 2423 Macrinum
1415 2359 1455 2422 de
1485 2361 1575 2424 bona

448 2483 560 2542 mente
581 2478 694 2541 scribit
714 2476 942 2558 significatque
963 2496 1002 2537 eo
1022 2475 1074 2537 die
1095 2474 1244 2537 eiusdem
1264 2474 1405 2537 Macrini
1425 2477 1574 2540 natalem

449 2616 521 2657 esse
532 2645 539 2658 .
552 2646 558 2658 .
572 2645 579 2658 .
596 2595 787 2676 Alloquitur
798 2593 994 2662 Macrinum,
1009 2592 1180 2654 hominem
1194 2611 1273 2654 sane
1291 2591 1459 2653 eruditum
1472 2596 1506 2654 et
1518 2614 1575 2674 pa·

448 2716 544 2775 terno
565 2732 599 2773 se
620 2711 738 2773 affectu
755 2710 960 2788 diligentem,
975 2709 1032 2791 qui
1051 2709 1087 2771 in
1106 2708 1204 2771 domo
1222 2706 1353 2772 Servilii
1370 2707 1576 2779 didicerata

449 2848 513 2909 quo
534 2828 679 2907 agellum
709 2830 959 2907 comparaverat
976 2825 1108 2887 indulto
1138 2825 1201 2887 sibi
1230 2825 1337 2904 pretio
1366 2826 1576 2907 aliquanto».

449 2946 498 3007 lte
519 2941 658 3005 Servilio
688 2948 801 3004 autem
820 2943 856 3003 in
876 2942 952 3004 rita
979 2941 1084 3003 Persii
1113 2940 1153 3002 de
1179 2942 1419 3003 commentario
1447 2942 1575 3005 Valerii

449 3060 546 3122 l'robi
567 3058 697 3121 sublata
715 3058 877 3138 legimns:
902 3057 1075 3134 «lPersiust
1088 3057 1190 3119 coluit
1202 3060 1240 3118 ut
1252 3060 1380 3137 patrem
1395 3054 1575 3121 Servilium

450 3174 672 3237 Nonianum».
693 3174 742 3235 De
762 3173 911 3235 Macrino
935 3176 1056 3252 praeter
1075 3193 1122 3241 ea,
1144 3193 1215 3252 quae
1236 3174 1272 3234 in
1292 3172 1428 3235 scholiis
1455 3174 1574 3254 legun-
1606 3232 1609 3241 ,

450 3295 513 3359 tur.
535 3289 622 3352 nihil
643 3290 773 3352 scimus.
795 3289 884 3351 Huic
903 3290 1007 3369 igitur
1033 3287 1182 3351 Macrino
1203 3288 1291 3350 diem
1319 3288 1469 3350 natalem
1489 3290 1574 3352 cele-

448 3406 559 3468 branti
579 3406 715 3468 satiram
735 3425 794 3485 pro
815 3404 902 3466 donc
921 3404 1015 3466 misit
1033 3404 1175 3477 Persius,
1197 3403 1236 3465 de
1256 3424 1321 3485 qua
1341 3424 1374 3466 re
1393 3403 1479 3473 vide.
1502 3426 1575 3487 quae

450 3522 653 3584 Censorinus
673 3520 753 3582 dicit
771 3521 819 3582 De
840 3520 892 3582 die
912 3524 979 3583 nat.
995 3541 1020 3583 c.
1038 3520 1074 3584 1:
1099 3520 1153 3599 «Q.
1176 3519 1324 3583 Caerelli.
1340 3570 1369 3582 ..
1391 3541 1468 3583 eum
1485 3520 1575 3584 dona

449 3637 596 3718 pretiosa
615 3656 722 3717 neque
743 3637 868 3700 tibi...
891 3636 1001 3699 desint
1024 3656 1085 3698 nec
1113 3637 1198 3697 mihi
1217 3656 1277 3716 per
1296 3637 1344 3698 rei
1372 3637 1574 3700 tenuitatem

451 3753 628 3832 supersint.
650 3753 879 3834 quodcumque
900 3754 962 3815 hoc
980 3752 1057 3815 libri
1078 3756 1136 3821 est,
1157 3753 1241 3814 meis
1261 3752 1380 3833 opibus
1400 3772 1574 3834 compara·

450 3871 521 3929 tum
543 3866 698 3930 natalicii
718 3868 815 3933 titulo
835 3869 895 3930 tibi
924 3868 1032 3931 misi».
1053 3905 1097 3911 --
1116 3887 1261 3931 *aremare
1279 3866 1419 3931 meliore
1441 3868 1573 3952 lapillo.

451 3984 546 4062 signa
566 3982 640 4044 albo
660 3983 796 4063 lapiHo;
826 3983 897 4046 dies
917 3984 1007 4045 enim
1028 3983 1141 4046 felices
1159 4004 1251 4046 more
1272 3983 1436 4047 Thracum
1455 3984 1573 4065 lapillo

451 4097 535 4163 albu
553 4097 705 4159 infelices
723 4099 819 4178 nigro
840 4102 918 4161 sunt
938 4098 1102 4179 signandi.
1121 4097 1167 4163 of.
1187 4100 1271 4162 Plin.
1290 4098 1326 4162 N.
1345 4099 1386 4162 H.
1400 4098 1472 4163 VH.
1490 4100 1572 4165 131:

456 4213 567 4275 «Vana
593 4213 781 4275 mortalitas
801 4219 834 4276 et
853 4214 894 4277 ad
922 4215 1256 4278 circumscribendam
1286 4235 1320 4278 se
1348 4216 1459 4297 ipsam
1478 4218 1572 4298 inga-

450 4330 546 4392 niosa
565 4331 737 4407 computat
755 4349 846 4391 more
875 4329 1022 4393 Thraciae
1047 4333 1164 4413 gentis,
1186 4353 1257 4414 quae
1286 4333 1432 4395 calculos
1461 4334 1572 4397 colore

451 4443 626 4505 distinctos
645 4460 705 4520 pro
727 4444 952 4524 experimento
979 4448 1139 4529 cuiusque
1167 4448 1233 4511 diei
1253 4450 1289 4510 in
1308 4469 1429 4511 urnam
1458 4448 1573 4515 condit
