3917 5475
779 692 889 737 summ
903 693 945 754 νς.
963 690 1086 737 37-41.
1443 670 1492 723 331

376 871 568 951 Hungcrioe
587 868 738 954 deictus.
760 868 957 933 Germanice
977 864 1103 931 Dciiel.
1123 867 1170 930 Cf.
1192 867 1250 929 Ov.
1270 866 1398 929 Festi.
1415 868 1497 931 185:

381 984 486 1064 «Quid
504 984 576 1047 vult
595 984 708 1065 palme
728 984 790 1047 sibi
810 1004 997 1065 rugosoque
1026 984 1175 1059 cerica»;
1203 983 1282 1051 Met.
1303 983 1390 1047 VIII.v
1413 985 1496 1047 664:

382 1101 453 1163 uhic
480 1101 583 1164 mixte
613 1104 662 1162 est
690 1099 819 1180 rugosis
838 1100 946 1163 corice
968 1100 1122 1180 palmis».
1152 1138 1196 1143 -
1224 1100 1334 1164 rueris
1363 1118 1495 1184 cupere,

376 1218 527 1283 imitatur
545 1216 625 1278 Hor.
648 1213 714 1278 Set.
728 1215 769 1277 Π.
788 1214 817 1287 8,
839 1216 987 1278 14--15ι
1012 1216 1142 1278 «fuscus
1161 1216 1339 1298 Hydaspes
1359 1216 1497 1281 Caecubs

321 1348 324 1353 '
375 1333 455 1395 vine
485 1333 605 1413 ferens.
635 1330 740 1393 AIoon
771 1328 891 1391 Chium
920 1330 1030 1394 ruuris
1058 1349 1212 1413 supersi.
1244 1332 1371 1413 Expers
1393 1333 1496 1395 meris

378 1451 448 1511 eret
475 1446 770 1527 generosissimum
793 1446 864 1508 vini
884 1445 958 1509 Chii
987 1466 1103 1527 genus,
1135 1447 1314 1520 Ariusium,
1345 1449 1398 1510 oui
1426 1467 1495 1511 non

376 1563 634 1635 miscebatur,
648 1565 685 1624 ut
705 1562 780 1624 eliis
799 1562 886 1624 vinis
904 1551 1036 1636 Graecis
1052 1584 1138 1644 eque
1153 1564 1302 1638 merino3
1322 1565 1362 1626 of.
1378 1562 1494 1627 Gelon.

375 1680 479 1744 Meth.
504 1677 659 1741 medendi
684 1676 756 1740 XII.
789 1680 829 1741 4:
859 1674 894 1741 ob
919 1682 979 1763 μὴν
1009 1676 1074 1743 οὐδ’
1097 1676 1240 1744 εἰώθασι·
1253 1690 1316 1751 τοῖς
1342 1675 1495 1759 εὐγενὲσιν

375 1792 532 1867 οἴνοις...
559 1773 697 1877 μιγνύναι
724 1803 779 1879 τῆς
807 1794 975 1879 θαλάσσης
1001 1792 1033 1858 ἐν
1056 1794 1179 1878 Λέσβῳ,
1200 1797 1347 1877 καθάπερ
1370 1790 1438 1857 οὐδ’
1464 1792 1495 1857 ἐν

375 1912 442 1994 Χίῳ
467 1921 508 1994 τῷ
527 1906 705 1993 Ἀριοσσίῳ;
726 1908 810 1971 Plin.
832 1908 869 1972 N.
890 1909 932 1973 H.
954 1909 1039 1974 XIV.
1061 1912 1122 1975 73:
1156 1911 1213 1973 «Iu
1238 1931 1370 1973 summe
1388 1909 1495 1989 glorie

374 2032 451 2109 post
469 2026 649 2089 Homerios
668 2024 726 2088 illc
749 2026 858 2104 (vino),
880 2025 920 2088 de
950 2027 1070 2107 quibus
1099 2048 1199 2109 suprc
1228 2026 1380 2092 diximus.
1403 2027 1495 2087 fuere

375 2142 534 2205 Thasium
554 2140 748 2221 Chiumque,
772 2162 810 2204 ex
829 2140 921 2217 Chio,
943 2142 1031 2223 quod
1050 2144 1221 2205 Ariusium
1239 2145 1390 2205 vocent».
1422 2139 1495 2201 Hoc

374 2260 446 2322 loco
474 2257 577 2338 igitur
604 2257 774 2342 supientia
806 2257 916 2323 muris
946 2278 1069 2343 expers
1099 2257 1264 2339 significet
1294 2257 1494 2338 sapientiem

374 2375 476 2437 nimis
489 2374 674 2446 delicetcm,
689 2376 881 2439 hominibus
894 2376 1072 2439 luxuriosis
1085 2379 1208 2456 eptem,
1223 2394 1303 2455 quae,
1317 2377 1356 2435 ut
1370 2369 1495 2436 Chium

374 2488 482 2555 usuris
511 2509 641 2573 ersmers.
667 2492 852 2573 peregrinis
883 2493 1059 2566 mercibus,
1084 2492 1222 2555 luxuriae
1250 2488 1492 2559 instrumentis,

375 2611 425 2669 est
444 2605 703 2671 adnumeranda.
724 2644 767 2651 —-
788 2604 970 2674 ccciccc
998 2626 1114 2673 crosso
1143 2606 1311 2671 vitiarunt
1338 2601 1492 2688 uuquiue

366 2716 492 2807 'pullos
519 2724 620 2789 etiem
649 2726 764 2788 rustici
792 2726 962 2791 vilissimae
992 2723 1198 2788 condicionis
1225 2722 1353 2786 leutius
1380 2720 1491 2784 vivere

372 2843 549 2921 coeperunt.
579 2878 623 2884 —
651 2838 843 2916 Iicuiscoae,
864 2842 1020 2905 homines
1048 2839 1148 2903 rudes
1177 2843 1210 2901 et
1240 2837 1369 2911 inculti,
1390 2839 1428 2898 ut
1454 2833 1491 2896 V.

378 2954 458 3017 thr:
484 2955 638 3018 «fossor».
660 2994 704 2999 —
723 2974 841 3020 crosso
855 3005 862 3020 .
876 3004 905 3021 ..
937 2954 1092 3041 uuquiuc
1101 2975 1115 3034 ‚·
1142 2955 1220 3036 quie
1235 2927 1350 3016 'etiem
1379 2948 1495 3013 rustici

374 3069 456 3134 cibis
474 3071 566 3151 large
584 3072 695 3134 unctis
713 3072 832 3135 volunt
850 3073 919 3148 uti3
940 3074 978 3136 cf.
997 3072 1055 3135 HI.
1074 3073 1154 3136 104:
1179 3068 1389 3152 «crassisque
1408 3068 1493 3129 lute-

374 3189 428 3248 tus
448 3186 607 3249 amomis»
632 3190 665 3248 et
683 3186 735 3250 VI.
761 3190 819 3251 16:
844 3209 981 3251 «cenare
1001 3190 1074 3251 sine
1097 3192 1229 3251 uncto».
1251 3224 1295 3230 —
1314 3182 1491 3249 vitiarunt.

374 3301 452 3381 quie
471 3301 553 3365 cibis
572 3305 682 3367 unctis
701 3306 751 3368 uti
772 3305 954 3368 secundum
973 3304 1131 3368 heredem
1155 3305 1251 3366 ilIum
1280 3321 1417 3364 avarum
1437 3297 1492 3360 de-

373 3416 579 3496 pravationis
599 3419 732 3498 signum
757 3423 815 3482 est.
844 3457 888 3464 -—
910 3420 1036 3503 pultes,
1059 3441 1076 3482 e
1105 3421 1200 3492 forre,
1223 3415 1493 3497 antiquissimum

374 3531 650 3612 epudRomenos
670 3534 868 3616 sibigenus.
899 3534 945 3598 Cf.
968 3535 1051 3597 Plin.
1073 3533 1110 3597 N.
1131 3533 1173 3596 H.
1195 3530 1312 3595 XVIII.
1333 3530 1396 3593 83:
1430 3528 1494 3590 «Ex

374 3648 466 3710 omni
495 3668 617 3728 genere
648 3648 865 3714 durissimum
894 3651 944 3713 fer
975 3655 1008 3713 et
1038 3653 1154 3713 contre
1184 3648 1313 3712 hiemes
1342 3645 1493 3708 firmissi-

372 3783 530 3826 mum...
552 3763 683 3826 Primus
703 3765 849 3856 entiquis
870 3764 965 3827 Latio
986 3764 1142 3827 cibus...
1165 3763 1260 3826 Pulte
1281 3765 1402 3835 eutem,
1424 3781 1493 3822 non

373 3897 460 3957 pene
478 3878 599 3942 vixisse
619 3880 718 3961 longo
738 3884 888 3962 tempore
903 3880 1074 3944 Romanos
1091 3881 1339 3944 menifestum».
1353 3915 1397 3921 —
1410 3874 1492 3941 Haeo

371 3991 483 4056 uiuere
501 3992 646 4058 ulterior
664 3993 828 4060 meiuusi
850 3996 943 4059 Telis
963 3995 1052 4058 dicte
1070 3999 1147 4077 post
1165 3998 1308 4057 mortem
1338 3996 1495 4056 metues?

372 4108 556 4190 interroget
583 4099 691 4191 poete.
722 4110 768 4174 cf.
789 4111 869 4176 Hor.
890 4112 951 4192 Ep.
972 4111 1013 4174 II
1034 4112 1065 4183 h,
1089 4111 1282 4174 tor-192:
1318 4129 1397 4171 «nec
1424 4128 1493 4170 me·
1552 4074 1607 4180 rs

371 4226 474 4298 tuem,
496 4223 634 4305 quidde
654 4247 707 4289 me
727 4226 851 4289 iudicet
870 4227 977 4301 heres,
1000 4225 1095 4305 Quod
1113 4246 1182 4288 non
1211 4226 1308 4306 plum
1336 4223 1422 4286 detis
1442 4224 1492 4284 in-

369 4340 529 4404 venerit».
562 4377 606 4384 —-
634 4339 746 4405 cinere
774 4340 926 4417 ulterior,
948 4348 1128 4424 postquem
1158 4344 1194 4405 in
1223 4364 1301 4423 rogo
1331 4342 1416 4405 cinis
1446 4342 1493 4403 fe·

370 4459 443 4516 ctus
463 4475 506 4518 es.
942 4463 945 4470 '
