3917 5475
498 710 534 762 90
917 730 1028 776 sarias
1043 732 1063 774 1.
1084 728 1207 775 τις-48.

498 909 579 972 culti
600 913 633 970 et
651 913 802 970 recentes
831 912 918 974 sunt.
950 907 992 969 ad
1019 909 1166 988 Appium
1194 927 1299 988 usque
1320 911 1353 969 et
1371 906 1618 970 Coruncanium

497 1022 670 1086 redeunt».
690 1060 735 1067 --
757 1019 882 1086 Bacca
901 1073 907 1086 .
927 1073 934 1085 .
955 1073 962 1086 .
984 1019 1076 1099 Acci,
1103 1022 1231 1088 Accius.
1260 1020 1419 1084 Romanae
1451 1019 1617 1102 tragoediae

496 1139 662 1220 princeps,
684 1158 784 1220 quem
803 1158 831 1201 a.
853 1159 881 1200 a.
903 1137 978 1200 Chr.
999 1158 1032 1200 n.
1058 1138 1128 1200 170.
1149 1141 1267 1198 natum
1288 1140 1321 1198 et
1340 1141 1486 1198 extrema
1507 1156 1618 1199 senec·

496 1258 567 1316 tute
586 1257 756 1316 mortuum
776 1274 848 1315 esse
877 1256 1017 1315 constat.
1047 1253 1134 1314 Eum
1152 1257 1253 1332 poeta
1270 1249 1445 1315 Brisoeum
1465 1252 1619 1313 nominat

496 1370 694 1450 cognomine
720 1369 843 1432 Bacchi
869 1369 1033 1446 (Bacchus
1058 1368 1149 1430 enim
1168 1367 1401 1449 appellabatur
1419 1366 1617 1446 cognomine

494 1483 643 1568 Βρισαῐος
664 1489 697 1546 et
715 1483 867 1568 Βρισεός),
886 1484 973 1567 quod
994 1485 1120 1546 scholia
1138 1485 1187 1546 ita
1207 1483 1390 1563 explicant:
1416 1482 1522 1555 «Ideo,
1541 1483 1618 1563 quia

496 1599 662 1666 barbatus
694 1601 815 1663 colitur
849 1600 947 1662 Liber
980 1606 1076 1682 pater
1110 1600 1340 1680 cognomine».
1373 1598 1617 1661 Testimonium

495 1716 698 1778 scholiorum
725 1716 925 1779 confirmant
954 1715 1099 1779 Macrob.
1133 1714 1199 1779 Sat.
1232 1714 1256 1777 Ι.
1292 1716 1350 1778 18:
1387 1714 1490 1777 «Item
1521 1713 1617 1776 liberi

493 1831 599 1912 patris
627 1830 805 1893 simulacra
833 1832 956 1911 partim
975 1832 1096 1913 puerili
1125 1836 1231 1895 aetate.
1253 1831 1377 1912 partim
1394 1830 1537 1892 iuvenili
1556 1827 1616 1890 fin-

493 1949 586 2026 gunt.
607 1951 767 2027 praeterea
796 1945 934 2009 barbata
958 1947 1077 2027 specie.
1101 1947 1199 2010 senili
1218 1967 1358 2027 quoque,
1379 1965 1479 2027 quem
1498 1945 1616 2007 Bassa·

492 2081 558 2128 rea.
578 2061 670 2129 item.
692 2081 790 2143 quem
810 2059 935 2125 Blasco
955 2063 1144 2144 appellant»
1167 2067 1199 2124 et
1217 2061 1351 2125 Aristid.
1374 2081 1418 2124 or.
1439 2062 1477 2123 in
1495 2059 1613 2123 Bacch.

492 2175 516 2238 l.
538 2195 570 2255 p.
591 2177 643 2238 2‘9.
664 2176 766 2240 Jebb:
791 2181 922 2260 καὶγὰρ
951 2175 982 2241 ἐν
1011 2176 1132 2263 ἠϊθέοις
1162 2182 1216 2242 καὶ
1235 2176 1266 2242 ἐν
1296 2183 1405 2261 κόραις
1433 2179 1488 2240 καὶ
1516 2171 1556 2238 αὖ
1585 2173 1614 2238 ἐν

492 2286 625 2374 diptota.
648 2288 785 2372 ἀγένειός
804 2315 837 2355 τε
856 2296 910 2357 καὶ
929 2292 1071 2377 Βρισεύς.
1093 2294 1177 2358 Cum
1192 2295 1295 2375 igitur
1309 2294 1460 2356 Bacchus
1479 2292 1614 2354 Briseus

493 2405 561 2467 sive
580 2405 725 2468 Brisaeus
745 2408 909 2486 significet
938 2410 1106 2473 Bacchum
1126 2410 1311 2478 barbatum.
1332 2409 1450 2472 Accius
1469 2407 1613 2469 Brisaeus

492 2524 579 2582 certe
598 2522 685 2584 nihil
705 2523 804 2591 aliud.
825 2525 891 2586 nisi
910 2526 1049 2589 Accium
1069 2527 1252 2591 barbatum
1271 2529 1340 2590 sive
1358 2525 1537 2590 intonsam
1557 2544 1612 2604 po-

492 2640 558 2696 test
577 2637 773 2716 significare.
799 2639 932 2702 Persius
956 2646 1069 2704 autem
1088 2644 1225 2705 Accium
1244 2644 1307 2705 hoc
1327 2642 1476 2723 epitheto
1496 2639 1612 2703 eodem

492 2772 592 2814 sensu
613 2754 752 2825 omavit
773 2775 838 2837 quo
854 2756 998 2820 Romani
1015 2759 1082 2820 iam
1099 2758 1267 2821 Ciceronis
1287 2762 1437 2841 tempore
1457 2759 1612 2839 antiquos

490 2866 669 2936 Romanos,
698 2871 842 2932 maiores
872 2893 959 2943 suos,
991 2874 1143 2936 solebant
1172 2875 1333 2939 barbatos
1363 2874 1432 2936 sive
1455 2872 1611 2937 intonsos

490 2983 668 3061 appellare.
689 2983 866 3051 Barbatus
897 2989 1000 3068 igitur
1019 2991 1081 3052 hoo
1100 2991 1172 3053 loco
1193 2991 1358 3071 significat
1377 2987 1560 3073 antiquam
1580 2992 1612 3049 et

490 3096 686 3163 obsoletum.
719 3101 766 3165 Cf.
798 3102 882 3165 Plin.
913 3104 950 3165 N.
980 3104 1022 3167 H.
1053 3105 1123 3168 Vll.
1145 3107 1196 3173 59.
1227 3106 1308 3169 an:
1342 3106 1401 3168 «In
1419 3105 1554 3167 ltaliam
1574 3124 1611 3165 ex

490 3209 603 3275 Sicilia
622 3234 742 3277 venere
762 3221 914 3279 tonsores
933 3224 1011 3299 post
1028 3218 1167 3282 Romam
1183 3219 1351 3283 conditam
1371 3240 1399 3284 a.
1421 3218 1607 3284 CGGGLIV.

489 3325 673 3391 adducente
693 3330 726 3393 P.
748 3331 871 3394 Titinio
891 3331 1001 3403 Mena,
1023 3338 1061 3396 ut
1080 3340 1195 3397 auctor
1214 3341 1264 3398 est
1282 3336 1405 3412 Varro;
1432 3339 1532 3399 antea
1550 3335 1609 3399 ia-

489 3443 577 3506 toust
595 3445 727 3520 fuere»;
758 3445 822 3509 Cio.
853 3466 913 3527 pro
943 3446 1026 3511 Sest.
1048 3451 1077 3517 8.
1114 3450 1172 3513 la:
1198 3452 1328 3515 «Unum
1348 3453 1494 3534 aliquem
1514 3455 1546 3512 te
1572 3470 1609 3511 ex

490 3556 641 3624 lumbatis
659 3560 736 3629 illis,
759 3563 947 3643 exemplum
965 3564 1100 3645 imperii
1112 3567 1243 3640 veteris,
1261 3568 1444 3648 imaginem
1463 3566 1608 3647 antiqui-

487 3674 574 3741 tatis.
596 3676 750 3738 columen
770 3677 818 3739 rei
846 3678 986 3759 publicae
1011 3679 1137 3743 diceres
1157 3682 1313 3757 intueri»,
1333 3682 1383 3745 De
1401 3682 1457 3745 fin.
1479 3681 1532 3745 IV.
1554 3682 1605 3749 ΞΒ.

487 3789 547 3850 tr:
573 3788 662 3851 «Hoc
681 3811 758 3853 vero
772 3797 803 3854 te
817 3794 901 3855 ferre
918 3815 988 3857 non
1007 3797 1166 3875 potuisse,
1185 3797 1273 3878 quod
1289 3799 1419 3880 antiqui
1434 3798 1494 3871 illi,
1512 3798 1607 3879 quasi

488 3884 632 3980 barbati,
664 3912 701 3968 ut
731 3927 793 3970 nos
822 3909 862 3971 de
890 3912 1015 3973 nostris
1045 3912 1190 3975 solemus
1219 3913 1337 3989 dicere,
1363 3914 1582 3977 crediderint»
1598 3936 1605 3988 ;

467 4018 564 4099 ιΗΟΥ.
587 4021 693 4085 Carm.
715 4023 756 4087 Π.
781 4027 830 4098 15,
854 4027 1001 4091 tlt—12:

944 4228 973 4243 ..
991 4230 998 4243 .
1013 4187 1082 4245 Non
1103 4190 1148 4247 its
1168 4188 1292 4246 Romuli

736 4294 951 4371 Praescriptnm
973 4304 1003 4359 et
1024 4306 1142 4362 intonsi
1164 4304 1290 4363 Catonis

735 4410 888 4485 Auspiciis
909 4419 1108 4491 veterumque
1129 4437 1248 4478 norma.
