3917 5475
794 705 903 750 sams
918 707 941 751 1.
958 703 1082 754 96—98.
1448 687 1499 738 103

374 883 521 946 detracto
550 886 723 957 necantur,
750 886 885 965 excepto
914 881 1042 952 subere.
1065 884 1122 965 qui
1150 884 1196 946 sic
1226 884 1328 948 etiam
1355 885 1496 955 iuvatur,

374 1015 587 1062 crassescens
608 998 698 1060 enim
725 997 930 1078 praestringit
957 1001 991 1060 et
1018 999 1236 1078 strangulat».
1268 1003 1300 1062 et
1327 999 1405 1063 ibid.
1437 1001 1498 1064 34:

377 1111 515 1176 «Suberi
527 1163 535 1176 .
549 1163 579 1176 ..
601 1116 730 1176 certer.
745 1162 753 1176 .
768 1161 775 1177 .
792 1131 1008 1195 praecrassus
1029 1117 1061 1176 et
1080 1133 1260 1177 renascens
1278 1117 1375 1197 atque
1396 1116 1497 1178 etiam

371 1229 410 1290 in
429 1227 534 1291 denos
552 1228 654 1310 pedes
673 1228 820 1311 undique
841 1230 1069 1310 explanatus».
1100 1226 1224 1292 Sensus
1252 1230 1355 1310 igitur
1382 1232 1499 1295 simili-

371 1343 502 1406 tudinis
522 1348 573 1408 est
591 1345 687 1409 talis:
705 1365 822 1408 versus
840 1345 979 1426 Vergilii
1000 1348 1078 1407 sunt
1098 1345 1214 1428 asperi
1234 1349 1267 1409 et
1286 1344 1376 1428 aaa,
1389 1351 1427 1411 ut
1445 1369 1498 1410 ra-

371 1460 462 1522 male
480 1464 578 1524 vetus
597 1461 718 1523 cortice
742 1482 853 1524 crasso
865 1483 873 1536 ;
903 1464 1020 1524 contra
1037 1479 1154 1524 versus
1181 1465 1356 1542 poetarum
1384 1483 1498 1525 recen-

369 1576 498 1638 tiorum
518 1578 597 1638 sunt
618 1575 702 1640 leves
723 1580 756 1639 et
774 1575 893 1641 molles
914 1579 946 1638 et
966 1575 1081 1651 lavacri,
1102 1581 1141 1638 ut
1158 1597 1222 1639 vss.
1245 1577 1375 1641 63—65
1396 1579 1499 1654 (lcar-

370 1691 467 1754 mina
483 1690 582 1756 emili
600 1691 695 1754 Nunc
714 1691 850 1754 demum
868 1711 1009 1754 numero
1029 1690 1141 1764 fluere,
1162 1695 1200 1754 ut
1226 1711 1286 1772 per
1316 1691 1383 1756 lave
1408 1713 1499 1756 seve-

371 1827 427 1870 ros
446 1805 607 1870 Effundat
625 1807 781 1870 iunctura
799 1809 964 1888 ungues»)
985 1811 1018 1869 et
1035 1827 1082 1870 vs.
1105 1809 1155 1870 98.
1177 1809 1187 1886 l
1193 1832 1204 1864 «
1211 1807 1378 1885 Quidnam
1396 1808 1501 1890 igitur

373 1924 563 2000 teneram»)
585 1921 816 1998 docemure-
838 1922 972 1987 ramale
996 1926 1101 2000 licias,
1122 1923 1260 2004 supple:
1290 1923 1417 1987 suberis
1429 1947 1436 2000 ;
1461 1929 1501 1986 ut

373 2038 527 2101 hocloco
543 2037 644 2102 duros
655 2059 781 2113 versus,
795 2039 843 2102 ita
859 2038 942 2102 dura
957 2039 1108 2101 membra
1128 2059 1252 2114 eorum,
1267 2040 1324 2120 qui
1343 2040 1499 2104 articulo·

373 2175 449 2217 rum
468 2154 585 2216 morbo
604 2153 767 2228 laborant,
789 2175 866 2218 cum
889 2155 1009 2217 ramali
1037 2160 1147 2217 vetere
1176 2158 1347 2235 comparat
1365 2155 1500 2219 Persius

371 2269 410 2334 V.
432 2270 585 2334 58—59:
618 2269 694 2334 «sed
712 2290 788 2332 cum
807 2269 959 2350 lapidosa
978 2270 1137 2350 cheragra
1160 2270 1310 2350 Fregerit
1330 2269 1496 2343 articulos,

372 2385 497 2449 veteris
516 2386 656 2449 ramalia
684 2387 782 2466 fagi».
803 2423 848 2429 —-
865 2382 1033 2472 captandi
1064 2385 1194 2465 subere,
1214 2387 1276 2448 hoc
1304 2386 1376 2449 loco
1397 2385 1501 2450 saber

342 2584 344 2588 Ι
373 2520 446 2564 non
466 2500 617 2564 arborem
636 2503 755 2583 ipsam,
778 2501 835 2564 sed
854 2504 1010 2565 corticem
1032 2503 1227 2565 exteriorem
1248 2501 1376 2564 suberis
1396 2502 1499 2582 signi-

372 2617 460 2691 ficat,
481 2620 519 2679 ut
534 2616 628 2698 Verg.
646 2618 728 2680 Aen.
743 2616 798 2681 XL
820 2618 1016 2682 aas—555:
1045 2622 1178 2681 «natam
1196 2617 1281 2681 libro
1302 2620 1334 2680 et
1355 2617 1500 2680 silvestri

376 2734 496 2798 subere
526 2733 674 2797 clausam
705 2732 903 2813 Immicatm
933 2737 1045 2797 cortex
1074 2737 1186 2797 autern
1213 2730 1405 2819 'vegrandia
1426 2733 1446 2797 i.
1470 2753 1496 2795 e.
1575 2746 1577 2751 '

373 2850 463 2914 male
495 2847 639 2931 grandis,
668 2853 814 2923 vocatur,
845 2850 924 2931 quia
952 2851 1058 2912 nimia
1086 2849 1318 2931 magnitudine
1347 2849 1499 2913 arborem

374 2968 502 3041 enecat,
523 2970 561 3029 ut
580 2972 682 3048 supra
708 2965 863 3030 vidimus.
894 2964 941 3029 cf.
967 2966 1055 3030 Post.
1079 2988 1102 3029 s.
1124 2987 1151 3029 v.
1174 2965 1225 3044 (ed
1245 2966 1439 3039 Thewmwk,
1464 2985 1496 3045 p.

375 3083 472 3161 568):
497 3081 687 3162 «Vegrande
708 3071 894 3162 significare
914 3082 1011 3144 aiunt
1030 3081 1087 3144 alii
1115 3081 1204 3144 male
1233 3079 1366 3161 grande,
1387 3083 1425 3143 ut
1443 3100 1498 3142 ve-

375 3218 449 3262 cors
468 3217 622 3270 vesanus,
643 3196 725 3260 mali
744 3196 852 3260 cordis
871 3197 1025 3279 maleque
1051 3218 1184 3259 sanus».
1215 3194 1368 3259 Ceterum
1396 3196 1496 3259 lectio

373 3312 542 3401 asprandi
569 3313 807 3395 Porphyrionis
831 3313 885 3391 (ad
912 3313 992 3376 Hor.
1016 3312 1081 3376 Sat.
1103 3313 1127 3375 l.
1147 3314 1176 3381 V,
1201 3313 1274 3390 las)
1304 3312 1498 3374 testimonio

374 3430 516 3504 nititur3
537 3428 666 3493 codices
686 3430 805 3511 optimi
825 3428 968 3492 habent:
984 3426 1195 3513 praepraadi.
1216 3465 1261 3471 —
1280 3431 1421 3508 coctam,
1434 3428 1498 3489 ari-

375 3546 456 3609 dum
477 3548 602 3608 factum
621 3549 654 3608 ct
673 3548 857 3608 enecatum.
880 3542 926 3607 cf.
947 3544 1036 3607 infra
1048 3544 1105 3607 ΠΙ.
1121 3545 1227 3608 5—6:
1252 3544 1390 3605 «insana
1407 3542 1498 3605 caui-

375 3664 452 3726 cula
470 3681 597 3724 messes
616 3661 688 3723 Iam
708 3660 834 3723 dudum
854 3658 984 3743 coquit»
1010 3664 1043 3722 et
1062 3660 1157 3740 Prop.
1179 3659 1232 3723 IV.
1255 3660 1283 3733 5,
1307 3659 1368 3722 61:

537 3829 608 3889 Vidi
630 3848 686 3905 ego
708 3794 830 3887 odorati
849 3828 968 3884 victura
989 3829 1107 3885 rosaria
1128 3826 1219 3885 Paesti

576 3944 639 4005 Sub
659 3945 814 4003 matutino
836 3950 922 4002 cocta
942 3942 1043 4001 iucere
1064 3944 1155 4001 Noto.

373 4172 421 4180 —-
443 4130 616 4211 Quidnam
635 4132 744 4218 igitar
763 4134 937 4207 terraram,⁸
960 4131 1127 4213 quodnam
1156 4134 1259 4213 igitur
1287 4151 1422 4193 carmen
1450 4134 1503 4192 est

373 4254 531 4313 tenerum
551 4252 584 4310 et
601 4247 712 4322 molle,
735 4246 762 4310 si
790 4247 928 4327 Vergilii
957 4242 1073 4310 versus
1093 4247 1153 4310 tibi
1182 4248 1255 4311 duri
1285 4250 1371 4321 sunt,
1397 4248 1502 4309 inter--

374 4366 473 4444 rogat
489 4363 623 4426 Persius
642 4363 777 4427 ironice.
798 4400 842 4406 —
862 4366 1026 4442 teneram,
1038 4363 1176 4444 Vergilii
1195 4384 1311 4427 versus
1325 4366 1403 4425 suut
1414 4361 1501 4425 duri,

373 4483 414 4543 ut
433 4478 559 4542 ramale
586 4483 691 4555 vetus,
717 4481 939 4542 recentiorum
966 4500 1082 4544 versus
1114 4480 1229 4555 teneri,
1250 4485 1288 4543 ut
1318 4477 1414 4541 arbor
1440 4495 1499 4537 no-
