<?xml version="1.0" encoding="UTF-8"?>
<!DOCTYPE html PUBLIC "-//W3C//DTD XHTML 1.0 Transitional//EN"
    "http://www.w3.org/TR/xhtml1/DTD/xhtml1-transitional.dtd">
<html xmlns="http://www.w3.org/1999/xhtml" xml:lang="en" lang="en">
 <head>
  <title>
</title>
<meta http-equiv="Content-Type" content="text/html;charset=utf-8" />
  <meta name='ocr-system' content='tesseract 3.04.00' />
  <meta name='ocr-capabilities' content='ocr_page ocr_carea ocr_par ocr_line ocrx_word'/>
</head>
<body>
  <div class='ocr_page' id='page_1' title='image "./satirae00persgoog_0351.png"; bbox 0 0 3917 5475; ppageno 0'>
   <div class='ocr_carea' id='block_1_1' title="bbox 779 669 1496 733">
    <p class='ocr_par' dir='ltr' id='par_1_1' title="bbox 779 669 1496 733">
     <span class='ocr_line' id='line_1_1' title="bbox 779 669 1496 733; baseline -0.004 0"><span class='ocrx_word' id='word_1_1' title='bbox 779 689 890 733; x_wconf 67' lang='lat' dir='ltr'><strong>strias</strong></span> <span class='ocrx_word' id='word_1_2' title='bbox 904 690 945 732; x_wconf 81' lang='lat' dir='ltr'><strong>vr.</strong></span> <span class='ocrx_word' id='word_1_3' title='bbox 965 686 1086 733; x_wconf 79' lang='lat' dir='ltr'>78--su</span> <span class='ocrx_word' id='word_1_4' title='bbox 1446 669 1496 721; x_wconf 83' lang='lat'><strong>351</strong></span> 
     </span>
    </p>
   </div>
   <div class='ocr_carea' id='block_1_2' title="bbox 376 866 1498 1179">
    <p class='ocr_par' dir='ltr' id='par_1_2' title="bbox 376 866 1498 1179">
     <span class='ocr_line' id='line_1_2' title="bbox 376 866 1498 948; baseline 0 -18"><span class='ocrx_word' id='word_1_5' title='bbox 376 867 504 930; x_wconf 88' lang='lat' dir='ltr'><strong>nodum</strong></span> <span class='ocrx_word' id='word_1_6' title='bbox 524 866 638 931; x_wconf 85' lang='lat' dir='ltr'><strong>Gordii</strong></span> <span class='ocrx_word' id='word_1_7' title='bbox 659 866 766 941; x_wconf 84' lang='lat' dir='ltr'><strong>solvit,</strong></span> <span class='ocrx_word' id='word_1_8' title='bbox 789 866 847 929; x_wconf 89' lang='lat' dir='ltr'><strong>sed</strong></span> <span class='ocrx_word' id='word_1_9' title='bbox 866 866 1033 936; x_wconf 82' lang='lat' dir='ltr'><strong>dissecuit,</strong></span> <span class='ocrx_word' id='word_1_10' title='bbox 1056 888 1131 930; x_wconf 86' lang='lat' dir='ltr'><strong>eum</strong></span> <span class='ocrx_word' id='word_1_11' title='bbox 1151 868 1375 948; x_wconf 84' lang='lat' dir='ltr'><strong>interrogatus</strong></span> <span class='ocrx_word' id='word_1_12' title='bbox 1399 869 1498 930; x_wconf 89' lang='lat' dir='ltr'><strong>susti-</strong></span> 
     </span>
     <span class='ocr_line' id='line_1_3' title="bbox 378 980 1498 1063; baseline 0 -19"><span class='ocrx_word' id='word_1_13' title='bbox 378 986 473 1045; x_wconf 86' lang='lat' dir='ltr'><strong>neret</strong></span> <span class='ocrx_word' id='word_1_14' title='bbox 501 1002 545 1054; x_wconf 86' lang='lat' dir='ltr'><strong>se,</strong></span> <span class='ocrx_word' id='word_1_15' title='bbox 575 982 770 1063; x_wconf 78' lang='lat' dir='ltr'>priusquam</span> <span class='ocrx_word' id='word_1_16' title='bbox 800 980 961 1044; x_wconf 86' lang='lat' dir='ltr'><strong>adfinem</strong></span> <span class='ocrx_word' id='word_1_17' title='bbox 990 982 1201 1062; x_wconf 86' lang='lat' dir='ltr'><strong>interrogans</strong></span> <span class='ocrx_word' id='word_1_18' title='bbox 1224 983 1422 1062; x_wconf 89' lang='lat' dir='ltr'><strong>perveniret.</strong></span> <span class='ocrx_word' id='word_1_19' title='bbox 1443 984 1498 1044; x_wconf 89' lang='lat' dir='ltr'><strong>In-</strong></span> 
     </span>
     <span class='ocr_line' id='line_1_4' title="bbox 376 1096 1497 1179; baseline 0.001 -19"><span class='ocrx_word' id='word_1_20' title='bbox 376 1101 516 1160; x_wconf 83' lang='lat' dir='ltr'><strong>ventum</strong></span> <span class='ocrx_word' id='word_1_21' title='bbox 536 1098 607 1161; x_wconf 90' lang='lat' dir='ltr'><strong>eius</strong></span> <span class='ocrx_word' id='word_1_22' title='bbox 626 1098 745 1160; x_wconf 87' lang='lat' dir='ltr'><strong>merito</strong></span> <span class='ocrx_word' id='word_1_23' title='bbox 762 1097 951 1178; x_wconf 78' lang='lat' dir='ltr'><strong>deriserunt</strong></span> <span class='ocrx_word' id='word_1_24' title='bbox 966 1096 1155 1161; x_wconf 82' lang='lat' dir='ltr'><strong>Carneades</strong></span> <span class='ocrx_word' id='word_1_25' title='bbox 1176 1096 1278 1159; x_wconf 88' lang='lat' dir='ltr'><strong>etalii</strong></span> <span class='ocrx_word' id='word_1_26' title='bbox 1294 1098 1497 1179; x_wconf 77' lang='lat' dir='ltr'>philosophi.</span> 
     </span>
    </p>
   </div>
   <div class='ocr_carea' id='block_1_3' title="bbox 377 1206 1606 1297">
    <p class='ocr_par' dir='ltr' id='par_1_3' title="bbox 377 1206 1606 1297">
     <span class='ocr_line' id='line_1_5' title="bbox 377 1206 1606 1297; baseline 0 -20"><span class='ocrx_word' id='word_1_27' title='bbox 377 1213 425 1277; x_wconf 78' lang='lat' dir='ltr'><strong>Cf.</strong></span> <span class='ocrx_word' id='word_1_28' title='bbox 448 1210 533 1276; x_wconf 83' lang='lat' dir='ltr'><strong>Sext.</strong></span> <span class='ocrx_word' id='word_1_29' title='bbox 562 1211 687 1292; x_wconf 85' lang='lat' dir='ltr'><strong>Empir.</strong></span> <span class='ocrx_word' id='word_1_30' title='bbox 712 1211 880 1293; x_wconf 55' lang='lat' dir='ltr'><strong>Hymotyp.</strong></span> <span class='ocrx_word' id='word_1_31' title='bbox 900 1210 942 1274; x_wconf 93' lang='grc' dir='ltr'><strong>ΙΙ.</strong></span> <span class='ocrx_word' id='word_1_32' title='bbox 965 1232 990 1274; x_wconf 84' lang='lat' dir='ltr'><strong>e.</strong></span> <span class='ocrx_word' id='word_1_33' title='bbox 1013 1211 1064 1275; x_wconf 78' lang='lat' dir='ltr'><strong>m.</strong></span> <span class='ocrx_word' id='word_1_34' title='bbox 1086 1232 1116 1292; x_wconf 90' lang='lat' dir='ltr'><strong>p.</strong></span> <span class='ocrx_word' id='word_1_35' title='bbox 1141 1212 1212 1275; x_wconf 82' lang='lat'>106.</span> <span class='ocrx_word' id='word_1_36' title='bbox 1233 1210 1280 1275; x_wconf 90' lang='lat' dir='ltr'><strong>A:</strong></span> <span class='ocrx_word' id='word_1_37' title='bbox 1298 1206 1338 1275; x_wconf 83' lang='grc' dir='ltr'><strong>Οἱ</strong></span> <span class='ocrx_word' id='word_1_38' title='bbox 1361 1216 1429 1297; x_wconf 84' lang='grc' dir='ltr'>περὶ</span> <span class='ocrx_word' id='word_1_39' title='bbox 1449 1218 1498 1277; x_wconf 87' lang='grc' dir='ltr'><strong>τὸν</strong></span> <span class='ocrx_word' id='word_1_40' title='bbox 1601 1239 1606 1249; x_wconf 91' lang='grc'>·</span> 
     </span>
    </p>
   </div>
   <div class='ocr_carea' id='block_1_4' title="bbox 378 1326 1498 1414">
    <p class='ocr_par' dir='ltr' id='par_1_4' title="bbox 378 1326 1498 1414">
     <span class='ocr_line' id='line_1_6' title="bbox 378 1326 1498 1414; baseline 0 -20"><span class='ocrx_word' id='word_1_41' title='bbox 378 1329 554 1414; x_wconf 82' lang='grc' dir='ltr'>Χρύσιππον</span> <span class='ocrx_word' id='word_1_42' title='bbox 571 1327 748 1413; x_wconf 74' lang='grc' dir='ltr'>δογματικοὶ</span> <span class='ocrx_word' id='word_1_43' title='bbox 772 1326 803 1390; x_wconf 79' lang='grc' dir='ltr'><strong>ἐν</strong></span> <span class='ocrx_word' id='word_1_44' title='bbox 822 1336 858 1411; x_wconf 76' lang='grc' dir='ltr'><strong>τῇ</strong></span> <span class='ocrx_word' id='word_1_45' title='bbox 879 1331 1081 1412; x_wconf 59' lang='lat' dir='ltr'><strong>seraper-trev.</strong></span> <span class='ocrx_word' id='word_1_46' title='bbox 1105 1336 1155 1391; x_wconf 82' lang='grc' dir='ltr'><strong>τοῦ</strong></span> <span class='ocrx_word' id='word_1_47' title='bbox 1176 1330 1320 1410; x_wconf 74' lang='lat' dir='ltr'><strong>empetros</strong></span> <span class='ocrx_word' id='word_1_48' title='bbox 1342 1332 1498 1413; x_wconf 83' lang='grc' dir='ltr'>πρσίοντος</span> 
     </span>
    </p>
   </div>
   <div class='ocr_carea' id='block_1_5' title="bbox 378 1439 1497 1533">
    <p class='ocr_par' dir='ltr' id='par_1_5' title="bbox 378 1439 1497 1533">
     <span class='ocr_line' id='line_1_7' title="bbox 378 1439 1497 1533; baseline 0.001 -24"><span class='ocrx_word' id='word_1_49' title='bbox 378 1446 537 1525; x_wconf 78' lang='grc' dir='ltr'>τοῦλόγου</span> <span class='ocrx_word' id='word_1_50' title='bbox 558 1446 635 1533; x_wconf 77' lang='grc' dir='ltr'>φασὶ</span> <span class='ocrx_word' id='word_1_51' title='bbox 654 1442 717 1506; x_wconf 84' lang='grc' dir='ltr'>δεῖν</span> <span class='ocrx_word' id='word_1_52' title='bbox 733 1440 884 1507; x_wconf 77' lang='grc' dir='ltr'>ἵστασθαι</span> <span class='ocrx_word' id='word_1_53' title='bbox 900 1446 954 1506; x_wconf 80' lang='grc' dir='ltr'><strong>καὶ</strong></span> <span class='ocrx_word' id='word_1_54' title='bbox 983 1446 1119 1533; x_wconf 72' lang='grc' dir='ltr'>ἐπέχειν,</span> <span class='ocrx_word' id='word_1_55' title='bbox 1136 1439 1188 1506; x_wconf 86' lang='grc' dir='ltr'><strong>ἵνα</strong></span> <span class='ocrx_word' id='word_1_56' title='bbox 1205 1447 1247 1528; x_wconf 69' lang='grc' dir='ltr'><strong>μὴ</strong></span> <span class='ocrx_word' id='word_1_57' title='bbox 1269 1441 1436 1510; x_wconf 80' lang='grc' dir='ltr'>ἐκπέσωσιν</span> <span class='ocrx_word' id='word_1_58' title='bbox 1453 1443 1497 1519; x_wconf 82' lang='grc' dir='ltr'><strong>εἰς</strong></span> 
     </span>
    </p>
   </div>
   <div class='ocr_carea' id='block_1_6' title="bbox 376 1558 1501 2685">
    <p class='ocr_par' dir='ltr' id='par_1_6' title="bbox 376 1558 1499 2203">
     <span class='ocr_line' id='line_1_8' title="bbox 379 1558 1498 1642; baseline -0.002 -17"><span class='ocrx_word' id='word_1_59' title='bbox 379 1560 524 1633; x_wconf 57' lang='lat' dir='ltr'><strong>&amp;reatum</strong></span> <span class='ocrx_word' id='word_1_60' title='bbox 551 1558 615 1623; x_wconf 77' lang='lat' dir='ltr'><strong>Cis.</strong></span> <span class='ocrx_word' id='word_1_61' title='bbox 645 1560 700 1623; x_wconf 84' lang='lat' dir='ltr'><strong>Ae.</strong></span> <span class='ocrx_word' id='word_1_62' title='bbox 731 1580 778 1641; x_wconf 89' lang='lat' dir='ltr'><strong>pr.</strong></span> <span class='ocrx_word' id='word_1_63' title='bbox 809 1559 850 1621; x_wconf 90' lang='lat' dir='ltr'><strong>H.</strong></span> <span class='ocrx_word' id='word_1_64' title='bbox 882 1560 933 1627; x_wconf 70' lang='lat'><strong>⁶28.</strong></span> <span class='ocrx_word' id='word_1_65' title='bbox 964 1560 1026 1622; x_wconf 82' lang='lat'><strong>93:</strong></span> <span class='ocrx_word' id='word_1_66' title='bbox 1056 1559 1186 1621; x_wconf 76' lang='lat' dir='ltr'><strong>«Placet</strong></span> <span class='ocrx_word' id='word_1_67' title='bbox 1205 1558 1401 1642; x_wconf 85' lang='lat' dir='ltr'><strong>Chrysipp0‚</strong></span> <span class='ocrx_word' id='word_1_68' title='bbox 1423 1580 1498 1623; x_wconf 84' lang='lat' dir='ltr'><strong>eum</strong></span> 
     </span>
     <span class='ocr_line' id='line_1_9' title="bbox 376 1675 1498 1758; baseline 0 -19"><span class='ocrx_word' id='word_1_69' title='bbox 376 1677 541 1758; x_wconf 83' lang='lat' dir='ltr'><strong>gradatim</strong></span> <span class='ocrx_word' id='word_1_70' title='bbox 570 1678 803 1756; x_wconf 75' lang='lat' dir='ltr'><strong>interrogatur,</strong></span> <span class='ocrx_word' id='word_1_71' title='bbox 833 1675 923 1738; x_wconf 87' lang='lat' dir='ltr'><strong>verbi</strong></span> <span class='ocrx_word' id='word_1_72' title='bbox 956 1696 1056 1739; x_wconf 82' lang='lat' dir='ltr'><strong>eausa</strong></span> <span class='ocrx_word' id='word_1_73' title='bbox 1086 1676 1151 1738; x_wconf 84' lang='lat' dir='ltr'><strong>tria</strong></span> <span class='ocrx_word' id='word_1_74' title='bbox 1181 1696 1287 1756; x_wconf 84' lang='lat' dir='ltr'><strong>pauca</strong></span> <span class='ocrx_word' id='word_1_75' title='bbox 1316 1677 1383 1739; x_wconf 88' lang='lat' dir='ltr'><strong>sint</strong></span> <span class='ocrx_word' id='word_1_76' title='bbox 1411 1697 1498 1739; x_wconf 88' lang='lat' dir='ltr'><strong>anne</strong></span> 
     </span>
     <span class='ocr_line' id='line_1_10' title="bbox 377 1792 1499 1874; baseline 0.001 -19"><span class='ocrx_word' id='word_1_77' title='bbox 377 1794 492 1859; x_wconf 85' lang='lat' dir='ltr'><strong>multa.</strong></span> <span class='ocrx_word' id='word_1_78' title='bbox 512 1794 683 1874; x_wconf 86' lang='lat' dir='ltr'><strong>aliquanto</strong></span> <span class='ocrx_word' id='word_1_79' title='bbox 700 1793 916 1874; x_wconf 76' lang='lat' dir='ltr'><strong>priusquam</strong></span> <span class='ocrx_word' id='word_1_80' title='bbox 934 1792 975 1855; x_wconf 87' lang='lat' dir='ltr'><strong>ad</strong></span> <span class='ocrx_word' id='word_1_81' title='bbox 991 1793 1099 1855; x_wconf 87' lang='lat' dir='ltr'><strong>multa</strong></span> <span class='ocrx_word' id='word_1_82' title='bbox 1117 1793 1299 1873; x_wconf 86' lang='lat' dir='ltr'><strong>perveniat,</strong></span> <span class='ocrx_word' id='word_1_83' title='bbox 1315 1793 1499 1873; x_wconf 80' lang='lat' dir='ltr'>quiescere:</span> 
     </span>
     <span class='ocr_line' id='line_1_11' title="bbox 378 1906 1499 1994; baseline -0.001 -24"><span class='ocrx_word' id='word_1_84' title='bbox 378 1908 412 1970; x_wconf 90' lang='lat' dir='ltr'><strong>id</strong></span> <span class='ocrx_word' id='word_1_85' title='bbox 432 1912 490 1977; x_wconf 79' lang='lat' dir='ltr'><strong>est,</strong></span> <span class='ocrx_word' id='word_1_86' title='bbox 521 1908 609 1989; x_wconf 89' lang='lat' dir='ltr'><strong>quod</strong></span> <span class='ocrx_word' id='word_1_87' title='bbox 637 1908 677 1971; x_wconf 89' lang='lat' dir='ltr'><strong>ab</strong></span> <span class='ocrx_word' id='word_1_88' title='bbox 707 1908 781 1970; x_wconf 85' lang='lat' dir='ltr'><strong>aliis</strong></span> <span class='ocrx_word' id='word_1_89' title='bbox 810 1907 930 1970; x_wconf 85' lang='lat' dir='ltr'><strong>dieitur</strong></span> <span class='ocrx_word' id='word_1_90' title='bbox 948 1906 1126 1994; x_wconf 72' lang='grc' dir='ltr'>ἡσυχάζειν.</span> <span class='ocrx_word' id='word_1_91' title='bbox 1149 1908 1210 1970; x_wconf 88' lang='lat' dir='ltr'><strong>Per</strong></span> <span class='ocrx_word' id='word_1_92' title='bbox 1233 1929 1286 1970; x_wconf 89' lang='lat' dir='ltr'><strong>me</strong></span> <span class='ocrx_word' id='word_1_93' title='bbox 1306 1909 1359 1970; x_wconf 87' lang='lat' dir='ltr'><strong>vel</strong></span> <span class='ocrx_word' id='word_1_94' title='bbox 1379 1911 1499 1970; x_wconf 87' lang='lat' dir='ltr'><strong>stertas</strong></span> 
     </span>
     <span class='ocr_line' id='line_1_12' title="bbox 378 2022 1499 2105; baseline -0.001 -18"><span class='ocrx_word' id='word_1_95' title='bbox 378 2026 464 2096; x_wconf 84' lang='lat' dir='ltr'><strong>lieet,</strong></span> <span class='ocrx_word' id='word_1_96' title='bbox 486 2024 596 2105; x_wconf 88' lang='lat' dir='ltr'><strong>inquit</strong></span> <span class='ocrx_word' id='word_1_97' title='bbox 623 2022 819 2094; x_wconf 81' lang='lat' dir='ltr'><strong>Carneades,</strong></span> <span class='ocrx_word' id='word_1_98' title='bbox 841 2044 909 2087; x_wconf 87' lang='lat' dir='ltr'><strong>non</strong></span> <span class='ocrx_word' id='word_1_99' title='bbox 933 2024 1033 2087; x_wconf 89' lang='lat' dir='ltr'><strong>modo</strong></span> <span class='ocrx_word' id='word_1_100' title='bbox 1057 2025 1227 2105; x_wconf 75' lang='lat' dir='ltr'>quiescas:</span> <span class='ocrx_word' id='word_1_101' title='bbox 1249 2024 1307 2086; x_wconf 90' lang='lat' dir='ltr'><strong>sed</strong></span> <span class='ocrx_word' id='word_1_102' title='bbox 1326 2024 1404 2105; x_wconf 86' lang='lat' dir='ltr'><strong>quid</strong></span> <span class='ocrx_word' id='word_1_103' title='bbox 1424 2044 1499 2104; x_wconf 90' lang='lat' dir='ltr'><strong>pro-</strong></span> 
     </span>
     <span class='ocr_line' id='line_1_13' title="bbox 378 2139 488 2203; baseline 0.009 -1"><span class='ocrx_word' id='word_1_104' title='bbox 378 2139 488 2203; x_wconf 71' lang='lat' dir='ltr'><strong>fieisa</strong></span> 
     </span>
    </p>

    <p class='ocr_par' dir='ltr' id='par_1_7' title="bbox 377 2255 1501 2685">
     <span class='ocr_line' id='line_1_14' title="bbox 434 2255 1498 2335; baseline -0.002 -17"><span class='ocrx_word' id='word_1_105' title='bbox 434 2255 576 2319; x_wconf 82' lang='lat' dir='ltr'><strong>Satiram</strong></span> <span class='ocrx_word' id='word_1_106' title='bbox 597 2258 722 2318; x_wconf 82' lang='lat' dir='ltr'><strong>sextam</strong></span> <span class='ocrx_word' id='word_1_107' title='bbox 751 2256 981 2335; x_wconf 76' lang='lat' dir='ltr'><strong>imperfectam</strong></span> <span class='ocrx_word' id='word_1_108' title='bbox 1003 2276 1075 2318; x_wconf 88' lang='lat' dir='ltr'><strong>esse</strong></span> <span class='ocrx_word' id='word_1_109' title='bbox 1095 2258 1237 2319; x_wconf 86' lang='lat' dir='ltr'><strong>testatur</strong></span> <span class='ocrx_word' id='word_1_110' title='bbox 1255 2255 1331 2320; x_wconf 81' lang='lat' dir='ltr'><strong>Vita</strong></span> <span class='ocrx_word' id='word_1_111' title='bbox 1351 2255 1391 2317; x_wconf 86' lang='lat' dir='ltr'><strong>de</strong></span> <span class='ocrx_word' id='word_1_112' title='bbox 1411 2274 1498 2317; x_wconf 83' lang='lat' dir='ltr'><strong>com-</strong></span> 
     </span>
     <span class='ocr_line' id='line_1_15' title="bbox 378 2370 1500 2453; baseline -0.002 -18"><span class='ocrx_word' id='word_1_113' title='bbox 378 2372 542 2450; x_wconf 72' lang='lat' dir='ltr'><strong>mentario</strong></span> <span class='ocrx_word' id='word_1_114' title='bbox 573 2371 670 2434; x_wconf 86' lang='lat' dir='ltr'><strong>Probi</strong></span> <span class='ocrx_word' id='word_1_115' title='bbox 689 2370 814 2434; x_wconf 86' lang='lat' dir='ltr'><strong>Valerii</strong></span> <span class='ocrx_word' id='word_1_116' title='bbox 844 2370 975 2433; x_wconf 84' lang='lat' dir='ltr'><strong>sublata</strong></span> <span class='ocrx_word' id='word_1_117' title='bbox 1004 2371 1210 2453; x_wconf 84' lang='lat' dir='ltr'><strong>hisverbis:</strong></span> <span class='ocrx_word' id='word_1_118' title='bbox 1244 2371 1360 2433; x_wconf 84' lang='lat' dir='ltr'><strong>«Hune</strong></span> <span class='ocrx_word' id='word_1_119' title='bbox 1388 2371 1500 2451; x_wconf 91' lang='lat' dir='ltr'><strong>ipsum</strong></span> 
     </span>
     <span class='ocr_line' id='line_1_16' title="bbox 377 2486 1501 2569; baseline -0.001 -20"><span class='ocrx_word' id='word_1_120' title='bbox 377 2486 500 2550; x_wconf 92' lang='lat' dir='ltr'><strong>librum</strong></span> <span class='ocrx_word' id='word_1_121' title='bbox 532 2489 763 2568; x_wconf 82' lang='lat' dir='ltr'><strong>imperfectum</strong></span> <span class='ocrx_word' id='word_1_122' title='bbox 793 2488 937 2569; x_wconf 86' lang='lat' dir='ltr'><strong>reliquit.</strong></span> <span class='ocrx_word' id='word_1_123' title='bbox 970 2486 1093 2550; x_wconf 64' lang='lat' dir='ltr'><strong>Versus</strong></span> <span class='ocrx_word' id='word_1_124' title='bbox 1125 2488 1228 2569; x_wconf 79' lang='lat' dir='ltr'><strong>aliqui</strong></span> <span class='ocrx_word' id='word_1_125' title='bbox 1260 2486 1386 2568; x_wconf 83' lang='lat' dir='ltr'><strong>dempti</strong></span> <span class='ocrx_word' id='word_1_126' title='bbox 1422 2490 1501 2548; x_wconf 87' lang='lat' dir='ltr'><strong>sunt</strong></span> 
     </span>
     <span class='ocr_line' id='line_1_17' title="bbox 378 2603 1056 2685; baseline 0 -20"><span class='ocrx_word' id='word_1_127' title='bbox 378 2603 497 2665; x_wconf 89' lang='lat' dir='ltr'><strong>ultimo</strong></span> <span class='ocrx_word' id='word_1_128' title='bbox 517 2604 611 2671; x_wconf 84' lang='lat' dir='ltr'><strong>libro,</strong></span> <span class='ocrx_word' id='word_1_129' title='bbox 632 2607 669 2665; x_wconf 89' lang='lat' dir='ltr'><strong>ut</strong></span> <span class='ocrx_word' id='word_1_130' title='bbox 689 2605 783 2685; x_wconf 86' lang='lat' dir='ltr'><strong>quasi</strong></span> <span class='ocrx_word' id='word_1_131' title='bbox 802 2603 917 2666; x_wconf 87' lang='lat' dir='ltr'><strong>finitus</strong></span> <span class='ocrx_word' id='word_1_132' title='bbox 939 2608 1056 2666; x_wconf 76' lang='lat' dir='ltr'><strong>esset».</strong></span> 
     </span>
    </p>
   </div>
   <div class='ocr_carea' id='block_1_7' title="bbox 0 0 1975 5475">
    <p class='ocr_par' dir='ltr' id='par_1_8' title="bbox 0 0 1975 5475">
     <span class='ocr_line' id='line_1_18' title="bbox 0 0 1975 5475; baseline 0 0"><span class='ocrx_word' id='word_1_133' title='bbox 0 0 1975 5475; x_wconf 95' lang='lat' dir='ltr'><strong> </strong></span> 
     </span>
    </p>
   </div>
  </div>
 </body>
</html>
