3917 5475
455 691 505 742 152
864 710 974 755 sums
988 711 1023 754 11.
1042 709 1165 756 crs—⁴70.

453 888 667 952 exsolvantur
693 907 786 950 venae
813 888 973 950 ferventis
1002 907 1119 951 msssae
1138 889 1159 951 i.
1182 908 1208 952 e.
1231 891 1311 952 suri.
1338 928 1382 933 —
1410 892 1577 977 stringere

453 1011 570 1084 ccccc,
591 1005 775 1084 exprimere
793 1023 896 1066 venos
910 1004 983 1065 auri
1001 1024 1017 1065 e
1030 1003 1178 1084 pulvere.
1192 1041 1236 1048 —-
1248 1001 1422 1070 Ferventis
1442 1025 1579 1088 massus,

455 1137 574 1183 cnosso
593 1117 714 1181 dicitur
733 1118 773 1181 de
792 1119 947 1193 metallis,
969 1140 1041 1200 quse
1061 1120 1138 1200 igne
1159 1120 1334 1184 solvuntur
1345 1144 1352 1196 3
1373 1123 1412 1185 cf.
1430 1121 1467 1185 V.
1491 1124 1577 1188 10—

460 1237 519 1298 ll:
553 1234 617 1297 «Tu
646 1255 754 1316 neque
783 1235 967 1310 anhelanti,
997 1236 1150 1316 coquitur
1178 1233 1258 1298 dum
1285 1255 1405 1301 massa
1433 1239 1575 1309 cumino,

456 1350 551 1413 Folle
579 1351 703 1431 premis
726 1353 876 1414 ventos».
897 1388 941 1394 —
960 1349 1065 1415 crudo
1086 1348 1126 1415 cle
1142 1352 1293 1435 pulvere,
1314 1356 1401 1415 recte
1431 1353 1576 1417 scholis:

462 1467 564 1529 «bene
583 1465 722 1528 crudum
749 1467 921 1548 pulverem
950 1465 1038 1539 dicit,
1061 1467 1139 1547 quis
1158 1468 1319 1548 coquitur,
1341 1470 1378 1530 ut
1402 1468 1577 1531 metullum

457 1583 546 1645 fist».

510 1698 547 1761 V.
574 1697 714 1762 68—70.
743 1695 863 1761 Peccol
885 1700 916 1763 ct
941 1696 1020 1773 hoco,
1046 1697 1174 1782 peccat,
1201 1697 1282 1763 citio
1311 1698 1428 1764 tameo
1457 1700 1589 1782 utiluu,

457 1815 562 1897 pulpa
581 1814 741 1876 scelerato
759 1817 875 1894 peccet
903 1815 1004 1876 etiam
1023 1814 1060 1876 in
1080 1834 1128 1887 ec,
1150 1813 1238 1894 quod
1265 1818 1447 1894 unguento,
1468 1820 1578 1879 vestes

457 1950 643 2013 purpureos
663 1929 793 2010 alisque
812 1929 949 1991 luxuriae
973 1929 1199 1991 instrumenta
1217 1929 1280 1991 sibi
1300 1930 1475 2010 conquirit,
1495 1932 1577 1995 vitio

459 2066 519 2110 suo
532 2049 646 2107 tamen
659 2047 797 2121 fruitur;
815 2065 895 2107 nom
907 2045 1037 2126 corpori
1048 2045 1196 2106 humano
1213 2043 1358 2106 iucundo
1375 2048 1425 2108 est
1435 2045 1577 2112 luxuria.

390 2245 393 2254 1
458 2164 510 2233 At,
525 2183 600 2224 cum
614 2183 732 2224 eurum
748 2161 812 2224 diis
825 2160 929 2233 offert,
942 2180 1012 2222 non
1024 2160 1134 2222 solum
1148 2159 1277 2232 vitiose,
1292 2159 1350 2221 sed
1364 2160 1465 2223 etium
1478 2162 1579 2224 stulte

460 2277 555 2341 facit:
585 2277 649 2339 diis
670 2277 760 2339 enim
778 2276 892 2339 nullus
913 2281 962 2338 est
983 2275 1054 2338 ouri
1073 2295 1163 2338 usus.
1177 2312 1221 2318 —
1233 2272 1351 2339 Pcccul
1371 2279 1399 2340 el
1421 2274 1499 2358 ltaec,
1517 2278 1579 2341 hoc

459 2395 533 2456 loco
557 2391 664 2475 pulpa
689 2395 738 2454 est
762 2392 957 2462 subiectum,
979 2389 1050 2455 haec
1069 2394 1182 2452 cutem
1202 2391 1367 2454 obiectum
1388 2394 1582 2470 sententiae3

460 2528 598 2592 peccare
611 2509 701 2571 enim
714 2529 790 2570 cum
803 2528 908 2571 accus.
923 2513 1030 2570 neutr.
1046 2528 1132 2588 saepe
1146 2507 1287 2569 occurrit
1304 2506 1392 2589 opud
1405 2509 1583 2590 scriptores
1618 2535 1621 2540 ·

462 2625 621 2706 optimos:
634 2625 738 2706 pulpa
751 2625 853 2686 etism
866 2625 934 2686 haec
945 2624 1065 2686 vitiose
1076 2623 1163 2697 facit,
1177 2623 1278 2685 etium
1290 2624 1327 2685 in
1340 2624 1392 2686 his
1403 2629 1528 2706 peccet.
1539 2661 1585 2669 —

460 2742 541 2807 uitio
562 2745 677 2806 lumen
700 2740 819 2821 *ullust
844 2741 974 2814 fruitur,
1001 2742 1145 2802 fructum
1165 2739 1310 2821 aliquem
1328 2741 1402 2802 vitii
1421 2742 1582 2823 percipit;

461 2859 500 2920 cf.
518 2855 572 2921 VI.
593 2858 657 2920 Ἧι
683 2857 783 2922 «Utor
803 2877 872 2937 ego,
893 2859 1000 2918 utor».
1021 2892 1065 2898 —
1084 2853 1130 2919 At
1148 2873 1205 2918 vos
1218 2902 1226 2917 .
1241 2907 1247 2919 .
1261 2906 1267 2917 .
1283 2855 1471 2939 pontifices
1484 2861 1585 2939 poete

461 2971 636 3055 pontifices
664 2973 853 3055 compellat,
883 2993 987 3053 penes
1017 2991 1099 3052 quos
1132 2974 1201 3033 eret
1232 2972 1384 3034 omnium
1415 2993 1585 3035 sacrorum

461 3108 541 3152 curs
560 3092 593 3151 et
612 3109 631 3151 c
650 3089 770 3170 quibus
789 3088 890 3151 ceteri
911 3087 1098 3151 sacerdotes
1114 3086 1315 3168 pendebant.
1336 3126 1380 3131 —
1398 3087 1436 3153 lu
1456 3092 1584 3169 salsole,

461 3207 552 3268 inre
572 3204 636 3267 diis
656 3204 768 3267 obluta
779 3227 787 3279 ;
813 3202 973 3285 quidquid
994 3203 1084 3265 enim
1104 3202 1169 3264 diis
1189 3202 1334 3278 offertur,
1357 3207 1510 3267 sunctum
1527 3225 1585 3274 vor

462 3323 573 3395 cotur;
599 3322 638 3383 cf.
660 3319 728 3383 Tib.
750 3319 802 3382 lV.
825 3321 853 3393 6,
879 3320 915 3381 1;
949 3318 1094 3381 «Natalis
1114 3318 1212 3388 Juno,
1235 3322 1367 3383 sanctos
1396 3340 1476 3401 cepe
1500 3320 1585 3383 turis

463 3456 629 3510 acervos»,
649 3435 745 3516 Verg.
767 3436 848 3497 Aen.
869 3434 927 3497 HI.
948 3435 1033 3498 loc:
1059 3454 1118 3495 «ne
1139 3435 1310 3515 quainter
1338 3439 1471 3498 sanctos
1490 3436 1586 3516 ignes

462 3555 499 3615 in
518 3554 646 3615 honore
666 3551 804 3613 deorum
823 3551 966 3614 Hostilis
986 3551 1088 3613 fsoies
1109 3554 1287 3613 occurret.»
1320 3588 1364 3595 —-
1392 3549 1475 3634 quid
1493 3551 1585 3636 facit,

463 3668 542 3752 quid
561 3667 697 3750 prodest
708 3691 716 3743 ;
737 3669 776 3730 cf.
798 3668 910 3746 Quint.
931 3666 1013 3729 Inst.
1028 3665 1082 3729 Or.
1096 3665 1149 3729 VI.
1171 3667 1201 3735 4,
1223 3666 1261 3730 8;
1287 3666 1488 3748 «plurimum
1507 3666 1587 3729 facit

463 3785 642 3865 diligenter
660 3803 759 3846 nosse
779 3803 938 3858 ouuses»;
960 3781 1074 3846 Senes.
1095 3782 1154 3863 Ep.
1175 3783 1225 3853 36,
1248 3783 1286 3845 8:
1312 3781 1496 3846 «Adversus
1516 3802 1590 3844 om-.

464 3899 522 3963 nio
550 3900 627 3974 tels,
650 3898 807 3962 adversus
839 3899 991 3960 omnium
1021 3899 1170 3961 hostium
1199 3918 1305 3978 genus
1335 3898 1414 3960 fecit
1443 3900 1587 3961 mortem

464 4017 710 4078 contemnere».
724 4051 769 4057 —
781 4012 909 4097 Nempe
930 4014 1002 4094 hoo,
1020 4013 1157 4096 supple:
1179 4015 1266 4077 fucit.
1280 4051 1324 4057 —
1336 4011 1474 4097 Nempe,
1487 4018 1584 4088 certe,

466 4131 600 4195 scilicet.
621 4167 666 4174 —
690 4129 810 4196 Veneri
838 4130 972 4195 douutae
992 4149 1014 4193 u
1032 4129 1163 4215 oirplue
1187 4148 1301 4213 popu,
1322 4133 1409 4192 recte
1441 4128 1586 4192 scholio:

470 4247 559 4311 «Diis
578 4251 648 4309 tom
668 4249 747 4309 sunt
766 4266 847 4327 opes
868 4266 1089 4327 supervacuos,
1111 4266 1211 4326 quum
1234 4245 1357 4307 Veneri
1376 4266 1483 4327 pupae.
1505 4265 1588 4326 quus

463 4363 610 4444 virgines
623 4362 788 4424 nubentes
802 4361 938 4424 donent.
954 4360 1114 4424 Sclebcnt
1128 4362 1218 4423 enim
1236 4361 1391 4441 virgines.
1408 4364 1588 4441 antequem

464 4479 638 4546 nuberent.
660 4478 811 4559 quaedom
830 4477 1031 4558 virginitatis
1052 4497 1118 4541 suae
1138 4476 1226 4539 done
1242 4475 1364 4539 Veneri
1383 4495 1586 4539 consecrare.
