3917 5475
459 674 512 725 210
880 692 1048 736 11111111.
1069 691 1155 737 1—-s.

457 872 555 935 dicit:
572 869 747 951 Ἀναγκάῦει
766 873 824 953 γάρ
844 892 882 956 με
903 867 1072 955 ὁμπλογεῖν,
1093 868 1140 933 ὅτι
1166 871 1282 932 πολλοῦ
1302 867 1409 954 ἐνδεὴς
1430 867 1471 932 ὢν
1492 866 1583 942 αὐτὸς

457 986 501 1050 ἔτι
521 984 654 1072 ἐμαυτοῦ
667 989 721 1071 μὲν
734 982 851 1072 ἀμελῶ,
866 988 904 1048 τὰ
916 981 943 1048 δ’
953 983 1126 1070 Ἀθηναίων
1135 987 1266 1068 πράττω.
1280 1019 1324 1030 -
1339 983 1523 1049 barbatum
1534 1036 1560 1050 ..
1575 1038 1583 1049 .

456 1101 676 1187 rreapistmem,
706 1100 895 1176 Socratem3
925 1101 1121 1182 philosophi
1152 1101 1241 1162 enim
1270 1100 1407 1164 barbam
1437 1102 1582 1167 alebant.

457 1219 504 1282 Cf.
524 1217 606 1280 Hor.
629 1215 695 1280 Sat.
717 1215 758 1278 Π.
781 1217 809 1290 3,
832 1216 873 1277 35
917 1216 1123 1297 «sapientem
1143 1235 1278 1296 pascere
1291 1216 1446 1279 barbam»
1464 1221 1497 1280 et
1508 1218 1581 1282 Juv.

456 1332 541 1396 XIV.
565 1332 624 1394 la:
650 1329 842 1395 «Barbatus
862 1330 941 1392 licet
958 1329 1137 1393 admoveas
1157 1328 1250 1392 mille
1269 1330 1348 1393 inde
1367 1332 1585 1416 acopis-tros»,

456 1449 514 1512 ubi
538 1451 651 1530 aperte
680 1447 831 1510 Persium
862 1447 1024 1509 imitatur.
1045 1484 1089 1489 -—
1108 1444 1251 1510 sorbitio
1277 1445 1365 1510 tollit
1385 1465 1487 1530 (letam
1506 1445 1585 1512 dira

457 1563 584 1642 retecto,
604 1564 682 1644 quia
700 1582 831 1626 veneno
851 1563 968 1624 cicutae
989 1560 1142 1625 Socrates
1155 1564 1294 1624 necatus
1315 1568 1365 1624 est
1376 1585 1383 1637 ;
1405 1565 1444 1625 cf.
1467 1560 1581 1627 Senes.

455 1679 516 1760 Ep.
541 1679 591 1752 13,
616 1679 674 1741 14:
700 1676 834 1740 «Cicuta
853 1696 1014 1757 magnum
1035 1673 1206 1738 Socratem
1226 1678 1398 1739 confecit.»
1421 1715 1466 1722 ——
1485 1678 1583 1755 tollit,

457 1793 627 1858 demedio
656 1793 754 1866 tollit,
775 1795 891 1867 necat3
913 1792 952 1854 ol.
972 1769 1054 1854 Hor.
1086 1789 1153 1854 Sat.
1182 1790 1223 1853 H.
1248 1792 1275 1865 l,
1297 1793 1358 1856 56:
1383 1791 1466 1857 «Sed
1494 1795 1584 1857 mala

456 1912 553 1976 tollet
572 1932 675 1975 anum
693 1910 811 1972 vitiato
831 1909 931 1971 melle
955 1909 1095 1971 cicuta».
1117 1909 1266 1970 Praesens
1286 1929 1347 1990 pro
1367 1911 1524 1991 perfecto,
1546 1914 1584 1972 ut

455 2028 497 2090 ll.
514 2029 575 2091 60:
605 2028 748 2087 «mutat»
766 2043 845 2105 pro:
865 2023 1021 2088 ‘oculavit
1036 2023 1126 2086 Talis
1138 2025 1314 2104 praesentis
1326 2026 1489 2106 temporis
1501 2045 1583 2088 usus

458 2163 544 2224 saepe
564 2142 758 2204 observatur
777 2139 866 2221 apud
885 2138 1065 2202 Horatium
1085 2142 1118 2201 et
1136 2139 1330 2220 Vergilium,
1352 2142 1518 2221 praecipue
1547 2142 1583 2203 in

416 2291 418 2294 ·
458 2257 634 2320 sententiis
655 2254 822 2328 relativis;
844 2256 883 2316 ef.
904 2254 1000 2335 l'erg.
1022 2257 1102 2317 Aen.
1123 2255 1165 2317 II.
1181 2256 1376 2320 alt-am:
1402 2259 1582 2336 «quantum

456 2374 605 2434 mutatus
626 2370 665 2433 ab
685 2370 744 2432 illo
764 2369 918 2441 Hectore,
941 2371 998 2451 qui
1013 2369 1101 2435 rectit
1115 2371 1249 2433 exuvias
1269 2371 1407 2433 indutus
1426 2372 1582 2443 Achjlh»,

455 2487 511 2550 IX.
533 2487 617 2549 ast:
649 2483 801 2548 «Cratera
821 2486 1007 2566 antiquum,
1029 2506 1128 2566 quem
1148 2484 1208 2548 aar
1229 2485 1367 2549 Sidonia
1385 2486 1504 2560 Dido»,
1524 2486 1582 2549 XI.

460 2604 540 2666 17⁶2:
566 2599 706 2680 «Magna
725 2604 850 2681 tropaea
880 2602 1001 2673 ferunt,
1024 2621 1106 2681 quos
1136 2599 1195 2665 dcl
1223 2605 1282 2664 tua
1312 2603 1446 2666 dextera
1472 2603 1584 2677 leto»;

458 2718 539 2781 Hor.
563 2714 675 2781 1111.
697 2718 726 2785 a
753 2716 903 2780 55---5a
930 2720 1078 2780 ‹amaor
1098 2716 1245 2798 Originis
1265 2717 1331 2790 ine,
1354 2718 1417 2797 our
1437 2718 1585 2800 patrium

460 2834 571 2895 mimae
592 2829 697 2897 dcccl
728 2831 935 2914 fundumque
963 2833 1167 2914 laremque»,
1187 2834 1213 2896 l.
1236 2836 1264 2899 b.
1289 2835 1347 2897 19:
1373 2833 1478 2896 «unde
1507 2834 1585 2897 Tar-

460 2949 594 3029 quinius
615 2968 716 3027 regno
737 2949 854 3030 pulsus
873 2948 995 3033 sapit».
1016 2948 1058 3010 Π.
1081 2950 1109 3016 3.
1132 2950 1194 3013 to:
1220 2949 1319 3011 «olim
1344 2969 1419 3011 cum
1439 2949 1584 3012 Ilionam

460 3061 603 3127 colorasti
611 3087 635 3129 1.
653 3062 695 3125 Π.
715 3064 742 3131 3.
766 3065 849 3126 affl:
874 3062 1034 3125 «Hellade
1047 3083 1204 3144 percussa
1221 3063 1347 3126 Marius
1368 3064 1447 3127 dum
1463 3064 1584 3147 proeci-

456 3177 547 3261 petor
568 3197 612 3245 se.
634 3176 781 3240 Cerritus
811 3179 915 3242 suita»
939 3216 983 3221 -—
1006 3176 1080 3255 Qoo
1100 3177 1355 3264 sreluslb'nde
1377 3182 1481 3243 sumis
1511 3185 1583 3243 tan-

459 3297 529 3355 tam
557 3294 607 3354 tui
632 3293 797 3359 fiduciam.
819 3297 856 3355 ut
884 3295 1126 3374 rempublicam
1156 3316 1328 3376 capessere
1358 3296 1507 3360 audeas?
1535 3297 1582 3360 Cf.

460 3407 542 3473 Plet.
564 3408 632 3471 Alc.
653 3408 677 3470 I.
700 3429 730 3488 p.
755 3409 826 3471 lat.
849 3408 893 3473 E:
910 3412 937 3471 τί
955 3404 1007 3472 orie
1026 3409 1090 3474 ποτ’
1106 3409 1196 3476 ἔστιν.
1211 3410 1271 3492 ὅτῳ
1283 3415 1417 3475 πιστεύει
1429 3417 1463 3475 τὸ
1477 3416 1584 3497 μειρά-

458 3544 543 3597 arom
564 3560 574 3565 -
597 3523 746 3607 -mcpot'
763 3522 897 3606 pupille
926 3523 1059 3600 Pericli,
1080 3526 1158 3606 quia
1188 3527 1340 3594 Pericles.
1361 3528 1412 3588 vir
1431 3529 1466 3589 in
1486 3548 1584 3609 repu-

459 3640 545 3701 blica
564 3639 822 3701 Atheniensium
852 3640 948 3701 facilc
976 3641 1143 3721 princeps.
1175 3645 1245 3703 erat
1273 3646 1365 3704 tutor
1391 3643 1582 3707 Alcibiadis.

460 3754 506 3817 cf.
529 3754 612 3817 Plat.
633 3754 701 3816 Alc.
723 3754 747 3816 l.
769 3774 800 3834 p.
825 3755 897 3817 lot.
919 3753 945 3817 B
963 3779 969 3817 :
988 3753 1174 3841 Ξομπάντων
1194 3756 1228 3819 δὲ
1250 3753 1290 3819 ὧν
1311 3752 1396 3822 εἷπον
1417 3762 1509 3844 μείζω
1526 3757 1585 3823 οἴει

460 3893 509 3933 σοι
529 3869 655 3955 δύναμιν
680 3864 826 3954 ὑπάρχειν
853 3868 1010 3953 Περικλέα
1029 3874 1081 3933 τὸν
1101 3868 1287 3944 Ξανθίππου,
1309 3874 1342 3937 ὃν
1363 3871 1379 3937 ὁ
1397 3878 1497 3960 πατὴρ
1522 3874 1584 3939 ἐπί-

460 4006 570 4066 τροπον
590 3985 735 4048 κατέλιπέ
757 3990 805 4049 σοί
825 4007 856 4048 τε
876 3988 931 4049 καὶ
958 3996 999 4069 τῷ
1033 3982 1166 4070 ὶδελφῷ.
1185 4024 1199 4029 -
1215 4024 1230 4030 -
1244 3988 1389 4071 pupille,
1416 3990 1479 4052 hoc
1509 3991 1583 4053 loco

460 4100 549 4162 idem
569 4099 742 4181 significat.
764 4103 851 4183 quod
870 4101 1062 4183 Hungarice
1081 4101 1247 4187 pydrrrfict,
1267 4103 1464 4168 Germanice
1484 4104 1583 4169 Meta-

461 4212 537 4294 ἀρὴ·
559 4220 646 4276 recte
668 4217 811 4292 scholia:
846 4218 1003 4281 «Tutores
1031 4219 1147 4280 dicunt
1174 4219 1322 4300 pupillos
1354 4239 1441 4288 suos.
1463 4221 1584 4301 quibus

459 4329 602 4392 tutelam
622 4337 772 4409 gerunt».
793 4371 837 4377 --
855 4332 989 4414 Peribit
1009 4334 1184 4415 genitivus.
1206 4338 1243 4396 ut
1261 4332 1380 4400 Neocli
1396 4335 1484 4417 apud
1501 4336 1582 4417 Nep.
