3917 5475
804 655 914 700 samm
930 657 971 700 1v.
990 653 1114 700 eausa.
1468 631 1521 685 219

400 834 448 894 ita
467 830 733 912 intellegendum
747 834 816 894 est:
837 827 1008 894 contendo
1027 829 1107 894 bede
1122 829 1277 910 loedere,
1297 830 1385 912 quod
1404 828 1524 892 Baucis

401 967 514 1009 revera
534 947 622 1014 facit.
644 966 732 1020 nam,
755 967 830 1009 cum
851 949 972 1014 cantet.
994 945 1110 1008 laudat
1129 967 1255 1009 merces
1276 966 1364 1009 suas.
1384 983 1429 988 -
1447 925 1523 1008 dis·

401 1061 507 1126 einelo
522 1112 529 1125 .
546 1110 572 1124 ..
594 1079 717 1138 eernoe,
748 1062 787 1124 cf.
808 1060 997 1134 Horatium,
1024 1061 1080 1142 qui
1101 1060 1141 1123 de
1160 1062 1273 1123 vernis
1293 1061 1363 1123 suis
1382 1058 1460 1138 (Sat.
1481 1058 1523 1120 IL

402 1179 431 1250 6,
453 1177 607 1254 (te—67.)
626 1177 726 1240 dicit:

520 1335 600 1391 Ante
622 1335 719 1393 larem
741 1335 902 1410 proprium
925 1351 1033 1392 vescor
1054 1352 1225 1409 erroneosque
1247 1354 1391 1404 procaces

520 1449 615 1507 Paseo
637 1448 738 1508 libatis
761 1448 897 1523 dapibus.

406 1635 553 1702 Veniam
572 1639 675 1718 igitur
702 1638 835 1700 Persius
861 1636 1064 1702 discinctum
1096 1636 1318 1714 (dissolutum,
1344 1635 1522 1716 neglegen-

399 1756 479 1830 tem)
498 1753 656 1834 appellat,
686 1755 764 1834 quia
794 1754 879 1816 servi
911 1754 947 1814 in
976 1753 1074 1815 domo
1100 1751 1227 1814 domini
1249 1751 1300 1812 sui
1319 1751 1523 1812 natiminus

401 1888 515 1930 severa
535 1867 714 1949 disciplina
744 1868 1003 1931 continebantur
1027 1871 1186 1947 erantque
1206 1866 1288 1928 adeo
1308 1865 1523 1946 neglegentes

401 1991 433 2048 et
462 1985 685 2066 impudentes,
716 1988 753 2046 ut
780 1985 930 2064 nequitia
961 2004 1076 2046 eorum
1090 1984 1133 2071 in
1151 1982 1363 2064 proverbium
1394 1980 1521 2042 abierit.

400 2098 595 2165 Discinctos
616 2098 714 2173 idem,
737 2099 824 2180 quod
853 2099 1018 2171 hocloco,
1040 2097 1206 2178 significat
1227 2099 1327 2159 etiem
1348 2116 1449 2177 supra
1464 2095 1521 2157 III.

401 2216 451 2279 31.
472 2253 517 2259 —
536 2213 646 2280 ocima
657 2233 670 2294 ;
689 2214 843 2284 ocimum.
865 2235 970 2295 genus
990 2215 1090 2276 oleris
1110 2212 1198 2295 apud
1215 2213 1369 2294 antiquos
1387 2211 1523 2293 vulgare

401 2326 576 2414 (Oelmum
603 2328 782 2393 basilicum
809 2327 846 2393 L.
846 2330 874 2413 )‚
902 2331 1039 2411 ponitur
1067 2329 1130 2391 hoc
1157 2328 1229 2390 loeo
1258 2348 1318 2408 pro
1339 2328 1523 2390 oleribusa

400 2445 548 2508 Baucide
568 2445 723 2509 venditis,
745 2445 791 2508 Cf.
814 2443 898 2508 Cels.
919 2444 968 2507 De
988 2445 1074 2507 med.
1095 2444 1137 2507 Π.
1159 2445 1210 2511 dd.
1232 2445 1284 2511 029.
1307 2444 1358 2510 31.
1380 2445 1432 2506 33.

454 2561 559 2626 Pars
585 2559 772 2625 secunda
803 2566 842 2638 (v.
873 2561 1029 2638 23—41.)
1060 2559 1167 2623 Misso
1195 2556 1347 2624 Socratis
1372 2575 1524 2642 persono

396 2680 498 2762 poeto
527 2695 590 2742 seo
622 2675 761 2742 leocadae
791 2676 951 2761 loquitor.
980 2672 1087 2741 Nemo
1116 2694 1150 2740 se
1179 2675 1293 2759 ipsum
1324 2692 1523 2759 eopnoseerc

401 2796 553 2877 temptet,
574 2790 634 2856 sed
647 2810 763 2856 coedes
776 2792 927 2857 eliceam
946 2791 1032 2857 edic
1052 2795 1199 2875 carpent
1219 2794 1248 2855 et
1268 2790 1393 2855 iniuste
1412 2808 1522 2875 edep-

399 2911 530 2995 perord.
560 2904 654 2972 liade
672 2908 719 2991 sit,
741 2908 788 2981 ed,
809 2906 841 2971 si
860 2906 937 2990 quie
965 2909 1109 2972 celerem
1132 2903 1345 2972 Sabinorum
1364 2904 1522 2989 discipli-

400 3044 484 3089 nam
503 3027 636 3089 secatus
651 3022 874 3107 perueniret
893 3020 1042 3089 sordidce
1061 3021 1219 3087 ovdrdtice
1237 3026 1319 3086 oola
1339 3021 1522 3105 officiatur,

399 3139 454 3203 sin.
474 3142 589 3205 cutem
606 3158 730 3223 corpus
748 3136 948 3224 ddipentias
969 3141 1071 3212 carrel,
1090 3135 1242 3203 cinaedus
1260 3138 1465 3202 lenocinetur.

453 3256 490 3319 V.
513 3257 655 3319 eil—ee
683 3253 724 3319 Ul
744 3272 842 3318 nemo
860 3253 978 3319 insece
1000 3252 1364 3338 temptotdeseendere,
1385 3253 1522 3334 supple:

401 3392 438 3433 eo
460 3372 609 3441 consilio,
631 3375 669 3433 ut
689 3391 723 3433 sc
744 3373 940 3451 eognoscat3
966 3371 1076 3450 agitur
1096 3371 1186 3432 enim
1206 3369 1246 3432 de
1267 3370 1318 3432 sui
1338 3370 1445 3449 ipsius
1464 3388 1523 3430 no-

400 3488 500 3561 tione,
523 3492 559 3549 ut
579 3487 667 3569 apud
687 3486 862 3548 Platonem
882 3486 998 3564 (Alcib.
1019 3486 1043 3549 L
1065 3507 1095 3567 p.
1120 3486 1192 3548 lae.
1213 3484 1262 3562 Β.)
1282 3484 1434 3548 Socrates
1445 3484 1522 3547 Del-

400 3603 536 3684 phicum
560 3602 644 3665 illud
671 3604 768 3683 γνῶθι
796 3607 925 3666 σεαυτὸν
956 3602 1120 3665 Alcibiadi
1144 3603 1180 3663 in
1204 3605 1352 3664 mentem
1381 3604 1521 3663 revocat.

400 3715 441 3781 [a
460 3737 496 3781 se
512 3714 721 3792 descendere,
741 3718 775 3781 id
796 3722 864 3782 est:
885 3720 921 3780 in
940 3720 1078 3781 intimos
1099 3718 1204 3779 animi
1225 3717 1276 3779 sui
1297 3736 1446 3778 recessus
1466 3735 1522 3795 pe-

399 3837 541 3906 netrare,
563 3832 650 3914 quod
678 3836 798 3914 prater
825 3832 977 3896 Persium
1006 3852 1172 3913 nusquam
1201 3832 1351 3899 occurrit,
1383 3830 1424 3893 ad
1451 3850 1522 3892 ver-

399 3949 479 4011 bum
499 3948 679 4029 respondet
690 3947 883 4029 Hungarieo
896 3946 1049 4034 mepdbc
1068 3945 1225 4011 szdlldni.
1249 3946 1403 4010 Ceterum
1417 3945 1522 4007 scien-

400 4065 480 4128 dum
500 4068 550 4127 est
569 4064 647 4126 inde
668 4085 686 4125 a
705 4086 734 4127 v.
756 4064 807 4126 ⁰23.
840 4067 985 4145 poetam,
1006 4065 1110 4126 missa
1130 4061 1275 4126 Socratis
1294 4084 1439 4144 persona
1457 4085 1520 4127 vss,

402 4181 518 4243 1-ee.
540 4179 685 4253 inducte,
708 4199 767 4242 suo
787 4181 924 4243 nomine
944 4179 1045 4259 loqui.
1064 4216 1108 4222 —
1127 4176 1426 4262 Sedproecedeoris
1442 4199 1521 4264 spe-

400 4299 512 4361 ctatur
540 4294 694 4360 neantied
724 4299 828 4381 terpo,
850 4296 906 4357 sed
935 4296 1079 4358 aliorum
1109 4296 1191 4357 vitia
1218 4295 1380 4359 videmus.
1413 4296 1521 4359 Notis-

400 4412 485 4474 sima
504 4414 555 4473 est
573 4411 694 4492 Aesopi
716 4409 837 4482 fabula,
859 4409 949 4491 apud
968 4409 1094 4473 Phaedr.
1116 4409 1169 4473 IV.
1194 4411 1255 4474 10:
