<?xml version="1.0" encoding="UTF-8"?>
<!DOCTYPE html PUBLIC "-//W3C//DTD XHTML 1.0 Transitional//EN"
    "http://www.w3.org/TR/xhtml1/DTD/xhtml1-transitional.dtd">
<html xmlns="http://www.w3.org/1999/xhtml" xml:lang="en" lang="en">
 <head>
  <title>
</title>
<meta http-equiv="Content-Type" content="text/html;charset=utf-8" />
  <meta name='ocr-system' content='tesseract 3.04.00' />
  <meta name='ocr-capabilities' content='ocr_page ocr_carea ocr_par ocr_line ocrx_word'/>
</head>
<body>
  <div class='ocr_page' id='page_1' title='image "./satirae00persgoog_0082.png"; bbox 0 0 3917 5475; ppageno 0'>
   <div class='ocr_carea' id='block_1_1' title="bbox 487 679 1196 740">
    <p class='ocr_par' dir='ltr' id='par_1_1' title="bbox 487 679 1196 740">
     <span class='ocr_line' id='line_1_1' title="bbox 487 679 1196 740; baseline 0.011 -8"><span class='ocrx_word' id='word_1_1' title='bbox 487 679 522 732; x_wconf 80' lang='lat'>80</span> <span class='ocrx_word' id='word_1_2' title='bbox 907 697 1017 739; x_wconf 66' lang='lat' dir='ltr'>sirmi</span> <span class='ocrx_word' id='word_1_3' title='bbox 1031 697 1055 739; x_wconf 91' lang='lat'>1.</span> <span class='ocrx_word' id='word_1_4' title='bbox 1074 693 1196 740; x_wconf 35' lang='lat' dir='ltr'>oess-or.</span> 
     </span>
    </p>
   </div>
   <div class='ocr_carea' id='block_1_2' title="bbox 479 870 1658 4078">
    <p class='ocr_par' dir='ltr' id='par_1_2' title="bbox 480 870 1658 3602">
     <span class='ocr_line' id='line_1_2' title="bbox 488 870 1611 955; baseline -0.003 -15"><span class='ocrx_word' id='word_1_5' title='bbox 488 876 594 940; x_wconf 82' lang='lat' dir='ltr'>cribro</span> <span class='ocrx_word' id='word_1_6' title='bbox 619 874 759 937; x_wconf 87' lang='lat' dir='ltr'>decussa</span> <span class='ocrx_word' id='word_1_7' title='bbox 787 873 925 937; x_wconf 71' lang='lat' dir='ltr'>farina».</span> <span class='ocrx_word' id='word_1_8' title='bbox 946 870 983 934; x_wconf 88' lang='lat' dir='ltr'>V.</span> <span class='ocrx_word' id='word_1_9' title='bbox 1007 872 1045 934; x_wconf 83' lang='lat'>3:</span> <span class='ocrx_word' id='word_1_10' title='bbox 1070 871 1215 933; x_wconf 84' lang='lat' dir='ltr'>«Fabula</span> <span class='ocrx_word' id='word_1_11' title='bbox 1244 893 1302 934; x_wconf 86' lang='lat' dir='ltr'>seu</span> <span class='ocrx_word' id='word_1_12' title='bbox 1327 877 1442 936; x_wconf 79' lang='lat' dir='ltr'>nraesto</span> <span class='ocrx_word' id='word_1_13' title='bbox 1467 878 1611 955; x_wconf 88' lang='lat' dir='ltr'>ponatur</span> 
     </span>
     <span class='ocr_line' id='line_1_3' title="bbox 487 987 1607 1073; baseline -0.011 -16"><span class='ocrx_word' id='word_1_14' title='bbox 487 992 612 1058; x_wconf 86' lang='lat' dir='ltr'>hianda</span> <span class='ocrx_word' id='word_1_15' title='bbox 628 990 806 1073; x_wconf 73' lang='lat' dir='ltr'>tragoedor,</span> <span class='ocrx_word' id='word_1_16' title='bbox 820 989 874 1052; x_wconf 89' lang='lat' dir='ltr'>VI.</span> <span class='ocrx_word' id='word_1_17' title='bbox 889 990 950 1051; x_wconf 72' lang='lat' dir='ltr'>aa:</span> <span class='ocrx_word' id='word_1_18' title='bbox 971 987 1147 1050; x_wconf 79' lang='lat' dir='ltr'>«rhombos</span> <span class='ocrx_word' id='word_1_19' title='bbox 1166 987 1294 1050; x_wconf 77' lang='lat' dir='ltr'><strong>libertis</strong></span> <span class='ocrx_word' id='word_1_20' title='bbox 1313 1008 1438 1068; x_wconf 91' lang='lat' dir='ltr'>ponere</span> <span class='ocrx_word' id='word_1_21' title='bbox 1457 991 1586 1054; x_wconf 75' lang='lat' dir='ltr'>lautus»</span> <span class='ocrx_word' id='word_1_22' title='bbox 1600 1015 1607 1064; x_wconf 82' lang='lat'><em>3</em></span> 
     </span>
     <span class='ocr_line' id='line_1_4' title="bbox 487 1105 1658 1186; baseline -0.005 -14"><span class='ocrx_word' id='word_1_23' title='bbox 487 1113 526 1172; x_wconf 89' lang='lat' dir='ltr'>cf.</span> <span class='ocrx_word' id='word_1_24' title='bbox 547 1109 627 1171; x_wconf 89' lang='lat' dir='ltr'>Hor.</span> <span class='ocrx_word' id='word_1_25' title='bbox 645 1109 682 1170; x_wconf 80' lang='lat' dir='ltr'>A.</span> <span class='ocrx_word' id='word_1_26' title='bbox 702 1107 734 1169; x_wconf 89' lang='lat' dir='ltr'>P.</span> <span class='ocrx_word' id='word_1_27' title='bbox 752 1107 827 1168; x_wconf 64' lang='grc'>111).</span> <span class='ocrx_word' id='word_1_28' title='bbox 846 1126 913 1186; x_wconf 87' lang='lat' dir='ltr'>sqq.</span> <span class='ocrx_word' id='word_1_29' title='bbox 929 1129 935 1167; x_wconf 95' lang='lat'><strong>:</strong></span> <span class='ocrx_word' id='word_1_30' title='bbox 961 1107 1117 1166; x_wconf 71' lang='lat' dir='ltr'>«tinctum</span> <span class='ocrx_word' id='word_1_31' title='bbox 1132 1105 1187 1184; x_wconf 91' lang='lat' dir='ltr'>qui</span> <span class='ocrx_word' id='word_1_32' title='bbox 1202 1108 1289 1166; x_wconf 87' lang='lat' dir='ltr'>reete</span> <span class='ocrx_word' id='word_1_33' title='bbox 1304 1124 1427 1184; x_wconf 89' lang='lat' dir='ltr'>ponere</span> <span class='ocrx_word' id='word_1_34' title='bbox 1444 1106 1606 1185; x_wconf 86' lang='lat' dir='ltr'>possit...</span> <span class='ocrx_word' id='word_1_35' title='bbox 1654 1117 1658 1126; x_wconf 89' lang='grc'><strong><em>·</em></strong></span> 
     </span>
     <span class='ocr_line' id='line_1_5' title="bbox 487 1219 1608 1301; baseline -0.004 -13"><span class='ocrx_word' id='word_1_36' title='bbox 487 1223 641 1289; x_wconf 81' lang='lat' dir='ltr'>mirabor.</span> <span class='ocrx_word' id='word_1_37' title='bbox 663 1224 691 1284; x_wconf 88' lang='lat' dir='ltr'>si</span> <span class='ocrx_word' id='word_1_38' title='bbox 712 1222 793 1284; x_wconf 88' lang='lat' dir='ltr'>sciet</span> <span class='ocrx_word' id='word_1_39' title='bbox 812 1223 901 1282; x_wconf 88' lang='lat' dir='ltr'>inter</span> <span class='ocrx_word' id='word_1_40' title='bbox 916 1219 1061 1282; x_wconf 79' lang='lat' dir='ltr'>Noscere</span> <span class='ocrx_word' id='word_1_41' title='bbox 1079 1219 1274 1282; x_wconf 86' lang='lat' dir='ltr'>mendaeem</span> <span class='ocrx_word' id='word_1_42' title='bbox 1293 1241 1474 1301; x_wconf 86' lang='lat' dir='ltr'>verumque</span> <span class='ocrx_word' id='word_1_43' title='bbox 1494 1221 1608 1283; x_wconf 85' lang='lat' dir='ltr'>beatus</span> 
     </span>
     <span class='ocr_line' id='line_1_6' title="bbox 488 1336 1608 1419; baseline -0.004 -16"><span class='ocrx_word' id='word_1_44' title='bbox 488 1342 663 1403; x_wconf 79' lang='lat' dir='ltr'>amicum».</span> <span class='ocrx_word' id='word_1_45' title='bbox 748 1356 878 1406; x_wconf 72' lang='lat' dir='ltr'>sorraco,</span> <span class='ocrx_word' id='word_1_46' title='bbox 901 1336 1066 1398; x_wconf 77' lang='lat' dir='ltr'>abdomen</span> <span class='ocrx_word' id='word_1_47' title='bbox 1091 1337 1204 1397; x_wconf 83' lang='lat' dir='ltr'>scrofae</span> <span class='ocrx_word' id='word_1_48' title='bbox 1233 1356 1309 1398; x_wconf 89' lang='lat' dir='ltr'>cum</span> <span class='ocrx_word' id='word_1_49' title='bbox 1338 1338 1504 1404; x_wconf 82' lang='lat' dir='ltr'>mammis.</span> <span class='ocrx_word' id='word_1_50' title='bbox 1523 1337 1608 1419; x_wconf 91' lang='lat' dir='ltr'>quod</span> 
     </span>
     <span class='ocr_line' id='line_1_7' title="bbox 488 1450 1605 1536; baseline -0.004 -18"><span class='ocrx_word' id='word_1_51' title='bbox 488 1454 576 1536; x_wconf 84' lang='lat' dir='ltr'>apud</span> <span class='ocrx_word' id='word_1_52' title='bbox 594 1455 763 1517; x_wconf 84' lang='lat' dir='ltr'>Romanos</span> <span class='ocrx_word' id='word_1_53' title='bbox 783 1454 819 1514; x_wconf 92' lang='lat' dir='ltr'>in</span> <span class='ocrx_word' id='word_1_54' title='bbox 839 1453 978 1514; x_wconf 90' lang='lat' dir='ltr'>summis</span> <span class='ocrx_word' id='word_1_55' title='bbox 999 1451 1126 1513; x_wconf 89' lang='lat' dir='ltr'>deliciis</span> <span class='ocrx_word' id='word_1_56' title='bbox 1147 1451 1339 1515; x_wconf 74' lang='lat' dir='ltr'><strong>habebatur.</strong></span> <span class='ocrx_word' id='word_1_57' title='bbox 1362 1450 1408 1514; x_wconf 78' lang='lat' dir='ltr'>Cf.</span> <span class='ocrx_word' id='word_1_58' title='bbox 1428 1451 1503 1514; x_wconf 91' lang='lat' dir='ltr'>Plin</span> <span class='ocrx_word' id='word_1_59' title='bbox 1516 1453 1553 1515; x_wconf 89' lang='lat' dir='ltr'>N.</span> <span class='ocrx_word' id='word_1_60' title='bbox 1566 1451 1605 1513; x_wconf 94' lang='lat' dir='ltr'>H.</span> 
     </span>
     <span class='ocr_line' id='line_1_8' title="bbox 486 1567 1607 1650; baseline -0.005 -15"><span class='ocrx_word' id='word_1_61' title='bbox 486 1571 572 1635; x_wconf 85' lang='lat' dir='ltr'><strong>VIII.</strong></span> <span class='ocrx_word' id='word_1_62' title='bbox 594 1571 678 1634; x_wconf 62' lang='lat'>909:</span> <span class='ocrx_word' id='word_1_63' title='bbox 703 1567 809 1630; x_wconf 74' lang='lat' dir='ltr'>«Hine</span> <span class='ocrx_word' id='word_1_64' title='bbox 828 1568 1057 1630; x_wconf 71' lang='lat' dir='ltr'>censoriarum</span> <span class='ocrx_word' id='word_1_65' title='bbox 1085 1568 1198 1648; x_wconf 85' lang='lat' dir='ltr'>legum</span> <span class='ocrx_word' id='word_1_66' title='bbox 1216 1569 1347 1648; x_wconf 83' lang='lat' dir='ltr'>paginae</span> <span class='ocrx_word' id='word_1_67' title='bbox 1367 1568 1607 1650; x_wconf 72' lang='lat' dir='ltr'>interdictaque</span> 
     </span>
     <span class='ocr_line' id='line_1_9' title="bbox 487 1681 1605 1764; baseline -0.003 -15"><span class='ocrx_word' id='word_1_68' title='bbox 487 1686 578 1749; x_wconf 88' lang='lat' dir='ltr'>cenis</span> <span class='ocrx_word' id='word_1_69' title='bbox 598 1682 795 1757; x_wconf 76' lang='lat' dir='ltr'>abdomina,</span> <span class='ocrx_word' id='word_1_70' title='bbox 817 1681 961 1763; x_wconf 84' lang='lat' dir='ltr'>glandia.</span> <span class='ocrx_word' id='word_1_71' title='bbox 984 1683 1138 1750; x_wconf 78' lang='lat' dir='ltr'>testiculi.</span> <span class='ocrx_word' id='word_1_72' title='bbox 1159 1685 1274 1750; x_wconf 77' lang='lat' dir='ltr'>vulvae.</span> <span class='ocrx_word' id='word_1_73' title='bbox 1291 1685 1448 1764; x_wconf 87' lang='lat' dir='ltr'>sincipita</span> <span class='ocrx_word' id='word_1_74' title='bbox 1466 1684 1605 1746; x_wconf 85' lang='lat' dir='ltr'>verrina.</span> 
     </span>
     <span class='ocr_line' id='line_1_10' title="bbox 486 1798 1607 1882; baseline -0.004 -18"><span class='ocrx_word' id='word_1_75' title='bbox 486 1807 524 1864; x_wconf 89' lang='lat' dir='ltr'>ut</span> <span class='ocrx_word' id='word_1_76' title='bbox 542 1805 655 1863; x_wconf 87' lang='lat' dir='ltr'>tamen</span> <span class='ocrx_word' id='word_1_77' title='bbox 675 1798 772 1861; x_wconf 88' lang='lat' dir='ltr'>Publi</span> <span class='ocrx_word' id='word_1_78' title='bbox 790 1799 971 1859; x_wconf 90' lang='lat' dir='ltr'>mimorum</span> <span class='ocrx_word' id='word_1_79' title='bbox 984 1803 1090 1878; x_wconf 84' lang='lat' dir='ltr'>poetae</span> <span class='ocrx_word' id='word_1_80' title='bbox 1107 1819 1198 1872; x_wconf 81' lang='lat' dir='ltr'>cena,</span> <span class='ocrx_word' id='word_1_81' title='bbox 1216 1803 1395 1882; x_wconf 86' lang='lat' dir='ltr'>postquam</span> <span class='ocrx_word' id='word_1_82' title='bbox 1415 1801 1607 1863; x_wconf 79' lang='lat' dir='ltr'>servitutem</span> 
     </span>
     <span class='ocr_line' id='line_1_11' title="bbox 486 1913 1606 1996; baseline -0.004 -17"><span class='ocrx_word' id='word_1_83' title='bbox 486 1921 629 1983; x_wconf 84' lang='lat' dir='ltr'>exuerat.</span> <span class='ocrx_word' id='word_1_84' title='bbox 650 1915 744 1978; x_wconf 92' lang='lat' dir='ltr'>nulla</span> <span class='ocrx_word' id='word_1_85' title='bbox 762 1918 966 1976; x_wconf 78' lang='lat' dir='ltr'>memoretur</span> <span class='ocrx_word' id='word_1_86' title='bbox 994 1913 1066 1976; x_wconf 89' lang='lat' dir='ltr'>sine</span> <span class='ocrx_word' id='word_1_87' title='bbox 1095 1913 1289 1996; x_wconf 76' lang='lat' dir='ltr'>abdomine,</span> <span class='ocrx_word' id='word_1_88' title='bbox 1319 1915 1420 1977; x_wconf 88' lang='lat' dir='ltr'>etiarn</span> <span class='ocrx_word' id='word_1_89' title='bbox 1448 1914 1606 1978; x_wconf 85' lang='lat' dir='ltr'>vocabulo</span> 
     </span>
     <span class='ocr_line' id='line_1_12' title="bbox 485 2001 1604 2110; baseline 0.001 -17"><span class='ocrx_word' id='word_1_90' title='bbox 485 2001 631 2095; x_wconf 53' lang='lat' dir='ltr'>irroriois</span> <span class='ocrx_word' id='word_1_91' title='bbox 650 2031 690 2092; x_wconf 89' lang='lat' dir='ltr'>ab</span> <span class='ocrx_word' id='word_1_92' title='bbox 710 2050 748 2092; x_wconf 92' lang='lat' dir='ltr'>eo</span> <span class='ocrx_word' id='word_1_93' title='bbox 768 2029 957 2110; x_wconf 79' lang='lat' dir='ltr'>imposito».</span> <span class='ocrx_word' id='word_1_94' title='bbox 1036 2029 1201 2109; x_wconf 75' lang='lat' dir='ltr'>corbitam,</span> <span class='ocrx_word' id='word_1_95' title='bbox 1218 2031 1265 2093; x_wconf 89' lang='lat' dir='ltr'>ita</span> <span class='ocrx_word' id='word_1_96' title='bbox 1281 2034 1443 2093; x_wconf 84' lang='lat' dir='ltr'>vocantur</span> <span class='ocrx_word' id='word_1_97' title='bbox 1458 2031 1604 2094; x_wconf 77' lang='lat' dir='ltr'>clienter.</span> 
     </span>
     <span class='ocr_line' id='line_1_13' title="bbox 486 2144 1605 2228; baseline -0.002 -20"><span class='ocrx_word' id='word_1_98' title='bbox 486 2148 543 2228; x_wconf 89' lang='lat' dir='ltr'>qui</span> <span class='ocrx_word' id='word_1_99' title='bbox 570 2150 730 2228; x_wconf 87' lang='lat' dir='ltr'>patronos</span> <span class='ocrx_word' id='word_1_100' title='bbox 762 2145 798 2206; x_wconf 91' lang='lat' dir='ltr'>in</span> <span class='ocrx_word' id='word_1_101' title='bbox 826 2144 906 2206; x_wconf 92' lang='lat' dir='ltr'>urbe</span> <span class='ocrx_word' id='word_1_102' title='bbox 935 2145 1087 2207; x_wconf 86' lang='lat' dir='ltr'>comitari</span> <span class='ocrx_word' id='word_1_103' title='bbox 1117 2145 1286 2221; x_wconf 88' lang='lat' dir='ltr'>solebant;</span> <span class='ocrx_word' id='word_1_104' title='bbox 1317 2149 1356 2208; x_wconf 83' lang='lat' dir='ltr'>cf.</span> <span class='ocrx_word' id='word_1_105' title='bbox 1387 2146 1459 2209; x_wconf 82' lang='lat' dir='ltr'>Juv.</span> <span class='ocrx_word' id='word_1_106' title='bbox 1491 2147 1516 2209; x_wconf 92' lang='grc' dir='ltr'>Ι.</span> <span class='ocrx_word' id='word_1_107' title='bbox 1548 2148 1605 2209; x_wconf 71' lang='lat' dir='ltr'>ed:</span> 
     </span>
     <span class='ocr_line' id='line_1_14' title="bbox 490 2260 1605 2344; baseline 0 -25"><span class='ocrx_word' id='word_1_108' title='bbox 490 2261 591 2324; x_wconf 82' lang='lat' dir='ltr'>«Cum</span> <span class='ocrx_word' id='word_1_109' title='bbox 614 2261 776 2342; x_wconf 92' lang='lat' dir='ltr'>populum</span> <span class='ocrx_word' id='word_1_110' title='bbox 796 2260 950 2340; x_wconf 78' lang='lat' dir='ltr'>gregibus</span> <span class='ocrx_word' id='word_1_111' title='bbox 970 2260 1130 2323; x_wconf 90' lang='lat' dir='ltr'>comitum</span> <span class='ocrx_word' id='word_1_112' title='bbox 1149 2262 1271 2341; x_wconf 87' lang='lat' dir='ltr'>premit</span> <span class='ocrx_word' id='word_1_113' title='bbox 1287 2262 1341 2324; x_wconf 91' lang='lat' dir='ltr'>hie</span> <span class='ocrx_word' id='word_1_114' title='bbox 1360 2262 1551 2344; x_wconf 76' lang='lat' dir='ltr'>spoliator»,</span> <span class='ocrx_word' id='word_1_115' title='bbox 1564 2299 1605 2305; x_wconf 81' lang='lat'>—</span> 
     </span>
     <span class='ocr_line' id='line_1_15' title="bbox 486 2375 1604 2459; baseline -0.003 -18"><span class='ocrx_word' id='word_1_116' title='bbox 486 2375 713 2455; x_wconf 74' lang='lat' dir='ltr'>horridulum,</span> <span class='ocrx_word' id='word_1_117' title='bbox 731 2377 850 2456; x_wconf 82' lang='lat' dir='ltr'>frigore</span> <span class='ocrx_word' id='word_1_118' title='bbox 870 2375 1051 2446; x_wconf 85' lang='lat' dir='ltr'>horridum,</span> <span class='ocrx_word' id='word_1_119' title='bbox 1075 2377 1194 2457; x_wconf 84' lang='lat' dir='ltr'>frigore</span> <span class='ocrx_word' id='word_1_120' title='bbox 1215 2399 1419 2459; x_wconf 88' lang='lat' dir='ltr'>percussum.</span> <span class='ocrx_word' id='word_1_121' title='bbox 1437 2379 1557 2459; x_wconf 85' lang='lat' dir='ltr'>Agitur</span> <span class='ocrx_word' id='word_1_122' title='bbox 1567 2376 1604 2438; x_wconf 90' lang='lat' dir='ltr'>de</span> 
     </span>
     <span class='ocr_line' id='line_1_16' title="bbox 484 2493 1603 2578; baseline 0.002 -23"><span class='ocrx_word' id='word_1_123' title='bbox 484 2493 696 2575; x_wconf 77' lang='lat' dir='ltr'>pauperibus,</span> <span class='ocrx_word' id='word_1_124' title='bbox 712 2493 768 2574; x_wconf 89' lang='lat' dir='ltr'>qui</span> <span class='ocrx_word' id='word_1_125' title='bbox 784 2496 898 2554; x_wconf 88' lang='lat' dir='ltr'>carent</span> <span class='ocrx_word' id='word_1_126' title='bbox 913 2493 1122 2556; x_wconf 81' lang='lat' dir='ltr'>vestimentis</span> <span class='ocrx_word' id='word_1_127' title='bbox 1141 2494 1181 2556; x_wconf 88' lang='lat' dir='ltr'>ad</span> <span class='ocrx_word' id='word_1_128' title='bbox 1198 2496 1379 2560; x_wconf 87' lang='lat' dir='ltr'>arcendum</span> <span class='ocrx_word' id='word_1_129' title='bbox 1392 2498 1496 2578; x_wconf 83' lang='lat' dir='ltr'>frigus</span> <span class='ocrx_word' id='word_1_130' title='bbox 1510 2498 1603 2578; x_wconf 88' lang='lat' dir='ltr'>aptis.</span> 
     </span>
     <span class='ocr_line' id='line_1_17' title="bbox 484 2608 1604 2690; baseline 0.004 -20"><span class='ocrx_word' id='word_1_131' title='bbox 484 2609 606 2671; x_wconf 84' lang='lat' dir='ltr'>Forma</span> <span class='ocrx_word' id='word_1_132' title='bbox 634 2608 840 2671; x_wconf 88' lang='lat' dir='ltr'>deminutiva</span> <span class='ocrx_word' id='word_1_133' title='bbox 869 2613 1098 2689; x_wconf 87' lang='lat' dir='ltr'>contemptum</span> <span class='ocrx_word' id='word_1_134' title='bbox 1127 2609 1300 2690; x_wconf 83' lang='lat' dir='ltr'>signifieat.</span> <span class='ocrx_word' id='word_1_135' title='bbox 1332 2611 1378 2675; x_wconf 79' lang='lat' dir='ltr'>Of.</span> <span class='ocrx_word' id='word_1_136' title='bbox 1404 2613 1477 2676; x_wconf 83' lang='lat' dir='ltr'>Juv.</span> <span class='ocrx_word' id='word_1_137' title='bbox 1499 2614 1523 2676; x_wconf 91' lang='lat' dir='ltr'>I.</span> <span class='ocrx_word' id='word_1_138' title='bbox 1546 2614 1604 2676; x_wconf 86' lang='lat'>93:</span> 
     </span>
     <span class='ocr_line' id='line_1_18' title="bbox 489 2723 1604 2808; baseline 0.006 -21"><span class='ocrx_word' id='word_1_139' title='bbox 489 2726 657 2788; x_wconf 87' lang='lat' dir='ltr'>«horrenti</span> <span class='ocrx_word' id='word_1_140' title='bbox 677 2726 826 2788; x_wconf 86' lang='lat' dir='ltr'>tunicam</span> <span class='ocrx_word' id='word_1_141' title='bbox 846 2746 916 2787; x_wconf 92' lang='lat' dir='ltr'>non</span> <span class='ocrx_word' id='word_1_142' title='bbox 935 2723 1073 2787; x_wconf 87' lang='lat' dir='ltr'>reddere</span> <span class='ocrx_word' id='word_1_143' title='bbox 1091 2746 1216 2788; x_wconf 79' lang='lat' dir='ltr'>servo».</span> <span class='ocrx_word' id='word_1_144' title='bbox 1237 2765 1280 2769; x_wconf 86' lang='lat'><strong>—</strong></span> <span class='ocrx_word' id='word_1_145' title='bbox 1296 2727 1392 2793; x_wconf 74' lang='lat' dir='ltr'>uilo.</span> <span class='ocrx_word' id='word_1_146' title='bbox 1407 2780 1432 2792; x_wconf 93' lang='lat'>..</span> <span class='ocrx_word' id='word_1_147' title='bbox 1458 2729 1604 2808; x_wconf 67' lang='lat' dir='ltr'>lucardo,</span> 
     </span>
     <span class='ocr_line' id='line_1_19' title="bbox 484 2840 1602 2927; baseline 0.004 -24"><span class='ocrx_word' id='word_1_148' title='bbox 484 2863 588 2921; x_wconf 79' lang='lat' dir='ltr'>genus</span> <span class='ocrx_word' id='word_1_149' title='bbox 607 2842 809 2908; x_wconf 84' lang='lat' dir='ltr'>vestimenti.</span> <span class='ocrx_word' id='word_1_150' title='bbox 831 2861 895 2922; x_wconf 89' lang='lat' dir='ltr'>quo</span> <span class='ocrx_word' id='word_1_151' title='bbox 924 2840 1092 2903; x_wconf 72' lang='lat' dir='ltr'>Caesarum</span> <span class='ocrx_word' id='word_1_152' title='bbox 1123 2843 1329 2924; x_wconf 86' lang='lat' dir='ltr'>temporibus</span> <span class='ocrx_word' id='word_1_153' title='bbox 1357 2865 1416 2925; x_wconf 91' lang='lat' dir='ltr'>pro</span> <span class='ocrx_word' id='word_1_154' title='bbox 1437 2849 1515 2927; x_wconf 82' lang='lat' dir='ltr'>toga</span> <span class='ocrx_word' id='word_1_155' title='bbox 1535 2850 1602 2908; x_wconf 89' lang='lat' dir='ltr'>ute-</span> 
     </span>
     <span class='ocr_line' id='line_1_20' title="bbox 483 2956 1601 3038; baseline 0.004 -20"><span class='ocrx_word' id='word_1_156' title='bbox 483 2958 605 3019; x_wconf 90' lang='lat' dir='ltr'>bantur</span> <span class='ocrx_word' id='word_1_157' title='bbox 632 2957 795 3032; x_wconf 82' lang='lat' dir='ltr'>Romani3</span> <span class='ocrx_word' id='word_1_158' title='bbox 821 2962 983 3038; x_wconf 89' lang='lat' dir='ltr'>patronus</span> <span class='ocrx_word' id='word_1_159' title='bbox 1011 2956 1114 3037; x_wconf 85' lang='lat' dir='ltr'>igitur</span> <span class='ocrx_word' id='word_1_160' title='bbox 1143 2958 1295 3020; x_wconf 89' lang='lat' dir='ltr'>sordidus</span> <span class='ocrx_word' id='word_1_161' title='bbox 1315 2959 1481 3022; x_wconf 86' lang='lat' dir='ltr'>lacernam</span> <span class='ocrx_word' id='word_1_162' title='bbox 1510 2981 1601 3023; x_wconf 71' lang='lat' dir='ltr'>stram</span> 
     </span>
     <span class='ocr_line' id='line_1_21' title="bbox 483 3070 1601 3158; baseline 0.006 -25"><span class='ocrx_word' id='word_1_163' title='bbox 483 3074 581 3153; x_wconf 85' lang='lat' dir='ltr'>longo</span> <span class='ocrx_word' id='word_1_164' title='bbox 600 3093 665 3135; x_wconf 91' lang='lat' dir='ltr'>usu</span> <span class='ocrx_word' id='word_1_165' title='bbox 685 3073 799 3134; x_wconf 89' lang='lat' dir='ltr'>tritam</span> <span class='ocrx_word' id='word_1_166' title='bbox 819 3072 876 3134; x_wconf 88' lang='lat' dir='ltr'>dat</span> <span class='ocrx_word' id='word_1_167' title='bbox 904 3073 1029 3134; x_wconf 85' lang='lat' dir='ltr'>clienti.</span> <span class='ocrx_word' id='word_1_168' title='bbox 1050 3108 1094 3115; x_wconf 41' lang='grc' dir='ltr'><strong>ψ</strong></span> <span class='ocrx_word' id='word_1_169' title='bbox 1114 3070 1176 3136; x_wconf 76' lang='lat' dir='ltr'>ld:</span> <span class='ocrx_word' id='word_1_170' title='bbox 1203 3071 1337 3152; x_wconf 71' lang='lat' dir='ltr'>Vereor,</span> <span class='ocrx_word' id='word_1_171' title='bbox 1365 3074 1494 3158; x_wconf 65' lang='lat' dir='ltr'>araquio,</span> <span class='ocrx_word' id='word_1_172' title='bbox 1514 3096 1601 3155; x_wconf 72' lang='lat' dir='ltr'>ultro,</span> 
     </span>
     <span class='ocr_line' id='line_1_22' title="bbox 484 3186 1602 3266; baseline 0.001 -16"><span class='ocrx_word' id='word_1_173' title='bbox 484 3206 599 3251; x_wconf 68' lang='lat' dir='ltr'>everam</span> <span class='ocrx_word' id='word_1_174' title='bbox 621 3186 704 3251; x_wconf 71' lang='lat' dir='ltr'>›crm</span> <span class='ocrx_word' id='word_1_175' title='bbox 724 3186 823 3253; x_wconf 76' lang='lat' dir='ltr'>(licite</span> <span class='ocrx_word' id='word_1_176' title='bbox 844 3186 884 3250; x_wconf 84' lang='lat' dir='ltr'>de</span> <span class='ocrx_word' id='word_1_177' title='bbox 903 3206 966 3266; x_wconf 79' lang='lat' dir='ltr'>ote,</span> <span class='ocrx_word' id='word_1_178' title='bbox 985 3209 1027 3249; x_wconf 89' lang='lat' dir='ltr'>sc.</span> <span class='ocrx_word' id='word_1_179' title='bbox 1050 3187 1089 3249; x_wconf 91' lang='lat' dir='ltr'>de</span> <span class='ocrx_word' id='word_1_180' title='bbox 1109 3189 1313 3251; x_wconf 87' lang='lat' dir='ltr'>carminibus</span> <span class='ocrx_word' id='word_1_181' title='bbox 1329 3192 1422 3253; x_wconf 86' lang='lat' dir='ltr'>meis.</span> <span class='ocrx_word' id='word_1_182' title='bbox 1443 3189 1602 3254; x_wconf 81' lang='lat' dir='ltr'>Similiter</span> 
     </span>
     <span class='ocr_line' id='line_1_23' title="bbox 482 3303 1599 3389; baseline 0.004 -24"><span class='ocrx_word' id='word_1_183' title='bbox 482 3303 571 3385; x_wconf 85' lang='lat' dir='ltr'>apud</span> <span class='ocrx_word' id='word_1_184' title='bbox 590 3303 746 3366; x_wconf 90' lang='lat' dir='ltr'>Plautum</span> <span class='ocrx_word' id='word_1_185' title='bbox 766 3303 874 3382; x_wconf 69' lang='lat' dir='ltr'>(Most.</span> <span class='ocrx_word' id='word_1_186' title='bbox 902 3304 983 3370; x_wconf 68' lang='grc'>181.)</span> <span class='ocrx_word' id='word_1_187' title='bbox 1003 3304 1116 3383; x_wconf 90' lang='lat' dir='ltr'>puella</span> <span class='ocrx_word' id='word_1_188' title='bbox 1146 3304 1283 3377; x_wconf 79' lang='lat' dir='ltr'>aneilla,</span> <span class='ocrx_word' id='word_1_189' title='bbox 1306 3326 1344 3367; x_wconf 79' lang='lat' dir='ltr'>ex</span> <span class='ocrx_word' id='word_1_190' title='bbox 1372 3326 1437 3386; x_wconf 88' lang='lat' dir='ltr'>qua</span> <span class='ocrx_word' id='word_1_191' title='bbox 1464 3306 1504 3369; x_wconf 91' lang='lat' dir='ltr'>de</span> <span class='ocrx_word' id='word_1_192' title='bbox 1528 3308 1599 3389; x_wconf 91' lang='lat' dir='ltr'>pul-</span> 
     </span>
     <span class='ocr_line' id='line_1_24' title="bbox 481 3418 1599 3501; baseline 0.002 -20"><span class='ocrx_word' id='word_1_193' title='bbox 481 3419 669 3482; x_wconf 86' lang='lat' dir='ltr'>chritudine</span> <span class='ocrx_word' id='word_1_194' title='bbox 690 3440 750 3482; x_wconf 90' lang='lat' dir='ltr'>sua</span> <span class='ocrx_word' id='word_1_195' title='bbox 769 3420 894 3501; x_wconf 79' lang='lat' dir='ltr'>quaerit,</span> <span class='ocrx_word' id='word_1_196' title='bbox 917 3419 1017 3481; x_wconf 89' lang='lat' dir='ltr'>dicit:</span> <span class='ocrx_word' id='word_1_197' title='bbox 1044 3418 1129 3499; x_wconf 81' lang='lat' dir='ltr'>«Ego</span> <span class='ocrx_word' id='word_1_198' title='bbox 1149 3440 1264 3482; x_wconf 85' lang='lat' dir='ltr'>verum</span> <span class='ocrx_word' id='word_1_199' title='bbox 1285 3441 1369 3489; x_wconf 78' lang='lat' dir='ltr'>amo,</span> <span class='ocrx_word' id='word_1_200' title='bbox 1390 3442 1507 3485; x_wconf 87' lang='lat' dir='ltr'>verum</span> <span class='ocrx_word' id='word_1_201' title='bbox 1527 3424 1599 3486; x_wconf 87' lang='lat' dir='ltr'>volo</span> 
     </span>
     <span class='ocr_line' id='line_1_25' title="bbox 480 3534 979 3602; baseline 0.004 -6"><span class='ocrx_word' id='word_1_202' title='bbox 480 3534 545 3597; x_wconf 87' lang='lat' dir='ltr'>diei</span> <span class='ocrx_word' id='word_1_203' title='bbox 564 3536 656 3602; x_wconf 84' lang='lat' dir='ltr'>mihi.</span> <span class='ocrx_word' id='word_1_204' title='bbox 678 3535 873 3598; x_wconf 91' lang='lat' dir='ltr'>mendaeem</span> <span class='ocrx_word' id='word_1_205' title='bbox 893 3535 979 3598; x_wconf 78' lang='lat' dir='ltr'>odi».</span> 
     </span>
    </p>

    <p class='ocr_par' dir='ltr' id='par_1_3' title="bbox 479 3650 1600 4078">
     <span class='ocr_line' id='line_1_26' title="bbox 532 3650 1599 3735; baseline 0.004 -22"><span class='ocrx_word' id='word_1_206' title='bbox 532 3652 568 3714; x_wconf 92' lang='lat' dir='ltr'>V.</span> <span class='ocrx_word' id='word_1_207' title='bbox 591 3653 731 3716; x_wconf 81' lang='lat'>56—57.</span> <span class='ocrx_word' id='word_1_208' title='bbox 754 3651 820 3729; x_wconf 72' lang='lat' dir='ltr'>Qut</span> <span class='ocrx_word' id='word_1_209' title='bbox 834 3650 942 3735; x_wconf 64' lang='lat' dir='ltr'>poree&gt;</span> <span class='ocrx_word' id='word_1_210' title='bbox 962 3651 1134 3730; x_wconf 82' lang='lat' dir='ltr'>Quomodo</span> <span class='ocrx_word' id='word_1_211' title='bbox 1165 3653 1254 3732; x_wconf 92' lang='lat' dir='ltr'>potis</span> <span class='ocrx_word' id='word_1_212' title='bbox 1275 3658 1324 3715; x_wconf 86' lang='lat' dir='ltr'>est</span> <span class='ocrx_word' id='word_1_213' title='bbox 1343 3656 1476 3735; x_wconf 74' lang='lat' dir='ltr'>(potest)</span> <span class='ocrx_word' id='word_1_214' title='bbox 1496 3655 1599 3717; x_wconf 83' lang='lat' dir='ltr'>cliens</span> 
     </span>
     <span class='ocr_line' id='line_1_27' title="bbox 480 3767 1598 3833; baseline 0.006 -7"><span class='ocrx_word' id='word_1_215' title='bbox 480 3773 549 3829; x_wconf 89' lang='lat' dir='ltr'>ate</span> <span class='ocrx_word' id='word_1_216' title='bbox 570 3767 611 3829; x_wconf 88' lang='lat' dir='ltr'>ad</span> <span class='ocrx_word' id='word_1_217' title='bbox 628 3790 745 3831; x_wconf 87' lang='lat' dir='ltr'>cenam</span> <span class='ocrx_word' id='word_1_218' title='bbox 769 3769 931 3831; x_wconf 86' lang='lat' dir='ltr'>invitatus</span> <span class='ocrx_word' id='word_1_219' title='bbox 951 3775 984 3831; x_wconf 88' lang='lat' dir='ltr'>et</span> <span class='ocrx_word' id='word_1_220' title='bbox 1003 3769 1136 3830; x_wconf 86' lang='lat' dir='ltr'>lacerna</span> <span class='ocrx_word' id='word_1_221' title='bbox 1164 3768 1308 3831; x_wconf 90' lang='lat' dir='ltr'>donatus</span> <span class='ocrx_word' id='word_1_222' title='bbox 1337 3770 1397 3831; x_wconf 91' lang='lat' dir='ltr'>tibi</span> <span class='ocrx_word' id='word_1_223' title='bbox 1417 3768 1527 3833; x_wconf 88' lang='lat' dir='ltr'>dicere</span> <span class='ocrx_word' id='word_1_224' title='bbox 1546 3792 1598 3833; x_wconf 54' lang='lat' dir='ltr'>ve*</span> 
     </span>
     <span class='ocr_line' id='line_1_28' title="bbox 479 3883 1600 3973; baseline 0.012 -33"><span class='ocrx_word' id='word_1_225' title='bbox 479 3889 577 3945; x_wconf 73' lang='lat' dir='ltr'>rum?</span> <span class='ocrx_word' id='word_1_226' title='bbox 595 3920 638 3926; x_wconf 79' lang='lat'>—-</span> <span class='ocrx_word' id='word_1_227' title='bbox 653 3886 731 3966; x_wconf 84' lang='lat' dir='ltr'>pote</span> <span class='ocrx_word' id='word_1_228' title='bbox 758 3905 819 3967; x_wconf 89' lang='lat' dir='ltr'>pro</span> <span class='ocrx_word' id='word_1_229' title='bbox 839 3883 929 3968; x_wconf 82' lang='lat' dir='ltr'>potis</span> <span class='ocrx_word' id='word_1_230' title='bbox 957 3886 1173 3958; x_wconf 69' lang='lat' dir='ltr'>archaismus</span> <span class='ocrx_word' id='word_1_231' title='bbox 1195 3888 1232 3945; x_wconf 88' lang='lat' dir='ltr'>ut</span> <span class='ocrx_word' id='word_1_232' title='bbox 1250 3902 1349 3968; x_wconf 15' lang='lat' dir='ltr'>recipe</span> <span class='ocrx_word' id='word_1_233' title='bbox 1376 3905 1436 3965; x_wconf 87' lang='lat' dir='ltr'>pro</span> <span class='ocrx_word' id='word_1_234' title='bbox 1464 3888 1600 3973; x_wconf 54' lang='lat' dir='ltr'>caepim</span> 
     </span>
     <span class='ocr_line' id='line_1_29' title="bbox 479 3996 817 4078; baseline 0.021 -22"><span class='ocrx_word' id='word_1_235' title='bbox 479 3996 517 4058; x_wconf 85' lang='lat' dir='ltr'>el.</span> <span class='ocrx_word' id='word_1_236' title='bbox 539 3998 634 4078; x_wconf 88' lang='lat' dir='ltr'>Prop.</span> <span class='ocrx_word' id='word_1_237' title='bbox 655 3998 708 4061; x_wconf 90' lang='lat' dir='ltr'>IV.</span> <span class='ocrx_word' id='word_1_238' title='bbox 728 4001 757 4072; x_wconf 84' lang='lat'>7,</span> <span class='ocrx_word' id='word_1_239' title='bbox 779 4003 817 4063; x_wconf 81' lang='lat'>9:</span> 
     </span>
    </p>
   </div>
   <div class='ocr_carea' id='block_1_3' title="bbox 637 4164 1396 4241">
    <p class='ocr_par' dir='ltr' id='par_1_4' title="bbox 637 4164 1396 4241">
     <span class='ocr_line' id='line_1_30' title="bbox 637 4164 1396 4241; baseline 0.003 -21"><span class='ocrx_word' id='word_1_240' title='bbox 637 4164 676 4221; x_wconf 87' lang='lat' dir='ltr'>Et</span> <span class='ocrx_word' id='word_1_241' title='bbox 698 4167 798 4222; x_wconf 83' lang='lat' dir='ltr'>mater</span> <span class='ocrx_word' id='word_1_242' title='bbox 819 4185 883 4222; x_wconf 93' lang='lat' dir='ltr'>non</span> <span class='ocrx_word' id='word_1_243' title='bbox 904 4167 986 4223; x_wconf 84' lang='lat' dir='ltr'>iusta</span> <span class='ocrx_word' id='word_1_244' title='bbox 1008 4166 1065 4241; x_wconf 82' lang='lat' dir='ltr'>piae</span> <span class='ocrx_word' id='word_1_245' title='bbox 1089 4166 1160 4224; x_wconf 85' lang='lat' dir='ltr'>dare</span> <span class='ocrx_word' id='word_1_246' title='bbox 1183 4166 1286 4223; x_wconf 83' lang='lat' dir='ltr'>debita</span> <span class='ocrx_word' id='word_1_247' title='bbox 1308 4170 1396 4225; x_wconf 62' lang='lat' dir='ltr'>terrae</span> 
     </span>
    </p>
   </div>
   <div class='ocr_carea' id='block_1_4' title="bbox 677 4279 1371 4357">
    <p class='ocr_par' dir='ltr' id='par_1_5' title="bbox 677 4279 1371 4357">
     <span class='ocr_line' id='line_1_31' title="bbox 677 4279 1371 4357; baseline 0.004 -20"><span class='ocrx_word' id='word_1_248' title='bbox 677 4279 739 4337; x_wconf 91' lang='lat' dir='ltr'>Neo</span> <span class='ocrx_word' id='word_1_249' title='bbox 758 4287 830 4354; x_wconf 82' lang='lat' dir='ltr'>pote</span> <span class='ocrx_word' id='word_1_250' title='bbox 851 4286 998 4355; x_wconf 83' lang='lat' dir='ltr'>cognatos</span> <span class='ocrx_word' id='word_1_251' title='bbox 1018 4282 1102 4338; x_wconf 85' lang='lat' dir='ltr'>inter</span> <span class='ocrx_word' id='word_1_252' title='bbox 1123 4282 1251 4339; x_wconf 86' lang='lat' dir='ltr'>humare</span> <span class='ocrx_word' id='word_1_253' title='bbox 1273 4302 1371 4357; x_wconf 87' lang='lat' dir='ltr'>rogos,</span> 
     </span>
    </p>
   </div>
   <div class='ocr_carea' id='block_1_5' title="bbox 477 4469 1595 4551">
    <p class='ocr_par' dir='ltr' id='par_1_6' title="bbox 477 4469 1595 4551">
     <span class='ocr_line' id='line_1_32' title="bbox 477 4469 1595 4551; baseline 0.002 -20"><span class='ocrx_word' id='word_1_254' title='bbox 477 4474 510 4531; x_wconf 88' lang='lat' dir='ltr'>et</span> <span class='ocrx_word' id='word_1_255' title='bbox 529 4469 569 4531; x_wconf 95' lang='lat' dir='ltr'>ll.</span> <span class='ocrx_word' id='word_1_256' title='bbox 595 4469 620 4543; x_wconf 80' lang='lat' dir='ltr'>l,</span> <span class='ocrx_word' id='word_1_257' title='bbox 642 4470 706 4532; x_wconf 75' lang='lat' dir='ltr'>lc:</span> <span class='ocrx_word' id='word_1_258' title='bbox 731 4471 822 4547; x_wconf 67' lang='lat' dir='ltr'>«tlara</span> <span class='ocrx_word' id='word_1_259' title='bbox 837 4472 915 4551; x_wconf 81' lang='lat' dir='ltr'>pote</span> <span class='ocrx_word' id='word_1_260' title='bbox 935 4472 1083 4551; x_wconf 88' lang='lat' dir='ltr'>quisque,</span> <span class='ocrx_word' id='word_1_261' title='bbox 1105 4471 1141 4532; x_wconf 89' lang='lat' dir='ltr'>in</span> <span class='ocrx_word' id='word_1_262' title='bbox 1162 4492 1199 4533; x_wconf 88' lang='lat' dir='ltr'>ea</span> <span class='ocrx_word' id='word_1_263' title='bbox 1219 4475 1370 4533; x_wconf 87' lang='lat' dir='ltr'>conterat</span> <span class='ocrx_word' id='word_1_264' title='bbox 1386 4475 1455 4535; x_wconf 87' lang='lat' dir='ltr'>arte</span> <span class='ocrx_word' id='word_1_265' title='bbox 1473 4470 1595 4535; x_wconf 77' lang='lat' dir='ltr'>diem».</span> 
     </span>
    </p>
   </div>
   <div class='ocr_carea' id='block_1_6' title="bbox 449 4824 1240 5141">
    <p class='ocr_par' dir='ltr' id='par_1_7' title="bbox 385 4824 1240 5141">
     <span class='ocr_line' id='line_1_33' title="bbox 449 4824 1240 5141; baseline 0.001 -0.925"><span class='ocrx_word' id='word_1_266' title='bbox 449 4889 1172 5141; x_wconf 59' lang='lat' dir='ltr'>„Aa</span> <span class='ocrx_word' id='word_1_267' title='bbox 1238 4824 1240 4829; x_wconf 67' lang='grc'><em>’</em></span> 
     </span>
    </p>
   </div>
   <div class='ocr_carea' id='block_1_7' title="bbox 0 0 1964 5475">
    <p class='ocr_par' dir='ltr' id='par_1_8' title="bbox 0 0 1964 5475">
     <span class='ocr_line' id='line_1_34' title="bbox 0 0 1964 5475; baseline 0 5"><span class='ocrx_word' id='word_1_268' title='bbox 0 0 1964 5475; x_wconf 95' lang='lat' dir='ltr'> </span> 
     </span>
    </p>
   </div>
  </div>
 </body>
</html>
