3917 5475
763 661 872 704 sarum
890 662 926 705 11.
944 658 1068 705 26—30.
1440 641 1492 694 135

367 839 471 916 ocius,
491 838 592 918 prius.
613 873 658 880 —
676 836 759 917 ilem,
777 857 927 918 quercus,
949 835 1047 898 arbor
1068 835 1140 899 Iovi
1161 858 1262 911 sacra,
1284 859 1356 919 quac
1375 842 1490 903 tamen

367 954 460 1034 prius
472 952 621 1016 ,fulmine
641 949 826 1023 discutitur,
848 971 948 1031 quam
967 951 1069 1014 homo
1083 952 1262 1027 scelestus;
1287 951 1376 1014 unde
1396 953 1490 1016 stulti

366 1070 488 1149 putant
509 1065 624 1129 Iovem
649 1065 711 1127 sibi
730 1065 908 1146 ignovisse.
928 1102 974 1110 —
992 1066 1195 1150 sulpure...
1219 1085 1331 1149 sacro,
1349 1068 1491 1155 fulmine

368 1201 480 1257 sacr0;
501 1182 625 1265 sulpur
643 1202 703 1262 pro
724 1181 875 1255 fulmine,
896 1181 975 1262 quia
993 1185 1078 1245 teste
1097 1181 1207 1245 Plinio
1227 1183 1276 1260 (N.
1296 1183 1338 1248 H.
1359 1183 1488 1254 XXXV.

372 1299 473 1376 177.):
498 1297 682 1369 «Fulmina,
704 1296 837 1377 fulgura
856 1316 986 1378 quoque
1008 1297 1154 1378 sulpuris
1168 1296 1304 1360 odorem
1317 1301 1442 1364 habent
1454 1324 1491 1366 ac

367 1415 425 1476 lux
442 1415 518 1494 ipsa
537 1433 652 1475 eorum
673 1412 831 1493 sulpurea
843 1416 934 1487 est»;
954 1413 994 1476 cf.
1016 1412 1140 1476 Lucan.
1153 1413 1225 1476 VII.
1247 1415 1329 1479 160:
1353 1417 1492 1482 «Aethe-

368 1531 484 1610 rioque
503 1549 629 1591 nocens
649 1529 790 1590 fumavit
802 1529 939 1608 sulpure
953 1530 1077 1591 ferrum
1084 1551 1109 1592 o.
1130 1528 1273 1592 Fulmen
1287 1549 1417 1596 sacrum
1431 1539 1490 1608 est,

369 1647 448 1727 quia
484 1645 630 1708 mittitur
664 1666 683 1707 a
715 1645 794 1707 Iove
806 1668 814 1718 ;
853 1644 1010 1707 similiter
1042 1643 1240 1707 Ammianus
1275 1644 1492 1713 Marcellinus

369 1759 500 1838 (XXIII
529 1761 592 1838 13.)
612 1759 741 1822 fulmen
760 1759 874 1844 ipocm
895 1778 1034 1825 sumum
1063 1760 1219 1840 appellat.
1239 1797 1284 1805 —
1302 1761 1493 1845 discutitur,

368 1877 408 1940 cf.
430 1875 525 1939 Lucr.
545 1875 599 1939 VI.
620 1876 817 1940 lle—417:

530 2035 692 2093 Postremo
714 2053 769 2092 cur
790 2036 897 2091 sancta
919 2031 1011 2090 deum
1033 2032 1159 2091 delubra
1181 2053 1311 2110 uitasque

531 2151 667 2209 Discutit
686 2149 800 2208 infesto
821 2149 986 2225 praeclaras
1006 2148 1135 2207 fulmine
1158 2147 1253 2207 sedes.

369 2376 415 2384 —
434 2342 537 2422 taque
556 2335 758 2421 (tomosque,
777 2341 814 2399 tu
836 2341 868 2398 et
887 2336 938 2398 tui
949 2359 956 2410 ;
982 2336 1022 2399 of.
1044 2336 1217 2398 oraculum
1236 2337 1325 2417 apud
1343 2337 1495 2406 Herodo-

369 2458 443 2516 tum
462 2453 527 2531 (VI.
549 2454 631 2531 86.):
649 2451 841 2538 Συμμάρψας
862 2448 967 2515 ὀλέσει
975 2455 1085 2536 γενεὴν
1097 2454 1151 2514 καὶ
1163 2447 1246 2515 οἶκον
1260 2450 1389 2529 ἅπαντα,
1407 2457 1495 2536 quod

370 2570 516 2650 respexit
534 2568 608 2632 Juv.
628 2567 718 2631 XHL
739 2569 824 2631 206:
853 2567 1045 2630 «Extinctus
1064 2570 1136 2630 tota
1163 2569 1288 2648 pariter
1307 2590 1382 2632 cum
1401 2572 1495 2652 prole

371 2684 569 2766 domoque».

426 2800 463 2863 V.
478 2802 620 2864 alt—30.
634 2799 690 2864 Aa
703 2800 787 2884 quio
798 2818 869 2863 aoa
879 2798 977 2882 fibris
991 2798 1105 2863 ovium
1118 2796 1346 2884 Erpcaaoque
1361 2800 1497 2867 iubente

379 2915 488 2980 Triste
511 2916 602 2981 iocos
632 2915 715 2979 lucis
744 2912 1010 2997 evitandumque
1040 2912 1202 2995 bidental,
1230 2920 1318 2979 reete
1347 2917 1496 2981 scholia:

378 3031 437 3094 «In
454 3052 520 3094 usu
535 3032 608 3104 fuit,
629 3035 668 3093 ut
686 3031 882 3111 haruspices
911 3029 1046 3092 adducti
1065 3029 1105 3092 de
1124 3030 1258 3093 Etruria
1286 3033 1384 3094 certis
1413 3036 1496 3094 tem-

374 3146 511 3228 poribus
532 3146 676 3209 fulmina
704 3146 943 3227 transfigurata
960 3146 998 3207 in
1017 3144 1146 3226 lapides
1174 3146 1263 3208 infra
1290 3150 1412 3209 terram
1442 3148 1498 3210 ab-

374 3261 582 3336 sconderent,
600 3262 695 3325 cuius
715 3262 750 3324 in
769 3262 944 3342 paratione
963 3262 1013 3323 rei
1033 3280 1110 3323 oves
1129 3260 1399 3325 immolabantur.
1423 3260 1497 3324 Hoc

375 3397 452 3458 ergo
473 3375 573 3441 dixit:
595 3381 627 3440 et
646 3377 725 3459 quia
742 3374 887 3439 necdum
905 3379 939 3439 te
959 3376 1100 3438 fulmine
1129 3396 1324 3457 percussum
1344 3378 1499 3457 sepelivit

375 3494 467 3556 caesis
502 3493 621 3555 hostiis
655 3492 821 3589 Ergenna
857 3491 933 3553 ideo
968 3490 1098 3554 derides
1132 3492 1288 3554 Iovem‘l»
1322 3528 1367 3535 —
1399 3490 1497 3574 fibris

375 3607 501 3689 ovium,
531 3607 670 3689 supple:
698 3607 909 3682 iubentibus3
939 3608 1106 3687 haruspex
1134 3607 1233 3679 enim,
1255 3607 1312 3687 qui
1340 3606 1499 3688 reliquias

374 3724 516 3807 fulguris
536 3722 658 3797 condit,
680 3743 758 3787 oves
785 3722 941 3786 immolat
969 3742 1148 3803 earumque
1179 3725 1253 3784 exta
1280 3722 1434 3786 consulit.
1455 3759 1500 3766 —-

377 3837 603 3923 Erpenaoque
626 3838 770 3912 iubente,
796 3838 962 3918 Ergenna,
983 3841 1021 3901 ut
1043 3837 1223 3905 Porsenna.
1250 3836 1401 3907 Sisenna,
1422 3837 1500 3900 Per-

376 3974 497 4035 penna,
519 3955 569 4016 est
587 3973 712 4015 nomen
735 3953 933 4028 Etruscum3
955 3953 1018 4015 hoc
1046 3952 1119 4015 loco
1148 3973 1273 4015 nomen
1301 3954 1498 4033 haruspicis,

377 4072 453 4154 quia
467 4090 505 4132 ex
515 4070 650 4133 Etruria
661 4068 803 4132 Romam
816 4071 912 4133 acciti
925 4074 1004 4132 sunt
1017 4070 1209 4149 haruspices
1229 4073 1364 4150 totaque
1385 4087 1500 4131 eorum

377 4183 555 4266 disciplina
568 4184 716 4247 Etruscae
737 4185 876 4265 originis
890 4189 968 4248 erat.
983 4222 1028 4229 ·-
1045 4182 1150 4249 Triste
1162 4182 1253 4248 iaces
1269 4183 1353 4248 lucis
1367 4183 1498 4247 ecitoa-

377 4298 526 4382 llumqttc
547 4298 709 4380 biteniul,
727 4300 821 4363 locus
841 4301 983 4364 fulmine
1005 4320 1181 4381 percussus
1202 4300 1242 4362 ab
1268 4298 1500 4379 haruspicibus

378 4419 589 4478 consecratus
600 4418 633 4475 et
642 4433 738 4477 muro
748 4415 882 4495 lapideo
892 4417 1021 4478 cinctus
1031 4416 1211 4479 vocabatur
1222 4413 1382 4491 bidental,
1395 4411 1502 4494 «quod
