3917 5475
790 691 901 736 ennae
916 691 958 736 iv,
978 691 1102 738 51—42.
1458 674 1511 730 233

386 867 463 949 psit,
484 866 572 948 aqud
590 886 673 948 quoe
693 867 853 932 oeeurrit:
874 866 1029 954 infligere
1048 868 1156 934 elicui
1179 888 1321 952 usurae,
1340 891 1416 934 oum
1434 891 1511 953 pro·

386 981 458 1062 prie
478 979 607 1044 dieatur
619 980 730 1067 perga
749 984 807 1044 aut
825 981 952 1048 eoloris
971 981 1093 1069 infligi.
1113 983 1187 1047 Hoo
1204 985 1277 1048 loeo
1296 985 1398 1065 igitur
1417 984 1512 1051 vibice

386 1093 553 1176 signifieat
571 1115 700 1171 usurae,
720 1095 897 1183 [leyelldre
915 1099 1054 1179 ponitur
1080 1119 1141 1180 pro
1159 1099 1322 1184 iretiigere.
1352 1099 1400 1164 Cf.
1418 1099 1511 1162 Paul.

385 1211 460 1291 Dig.
481 1211 534 1286 Ἠ,
562 1211 590 1286 1,
618 1212 677 1277 11;
711 1213 897 1293 «graviores
924 1234 1044 1277 ueurae
1072 1213 1264 1295 infligere»;
1296 1215 1417 1278 Iulian.
1436 1213 1511 1293 Dig.

389 1327 418 1401 3,
438 1327 470 1400 5,
492 1313 752 1409 30:'«1nfligere
771 1329 872 1392 alieni
900 1330 1047 1410 pretium
1076 1331 1124 1392 rei
1154 1335 1291 1411 emptae»
1314 1331 1335 1393 i.
1357 1350 1384 1394 e.
1405 1330 1512 1409 impo-

387 1461 468 1505 nere
487 1463 573 1506 0nue
593 1443 744 1508 solvendi
762 1445 872 1525 pretii.
889 1481 934 1488 —-
949 1447 1085 1522 cautus,
1102 1446 1180 1527 quia
1200 1447 1404 1508 feneratores
1423 1464 1513 1508 eum-
1566 1414 1570 1427 Ι

388 1577 479 1623 mam
500 1560 664 1621 cautelam
685 1557 897 1632 adhibebant,
918 1579 962 1620 ne
980 1560 1159 1640 pecuniam
1180 1578 1275 1624 suam
1294 1558 1446 1639 perdant.
1464 1556 1512 1620 cf.

387 1671 665 1754 Hor.Ep.IL1‚
689 1672 769 1738 105:
799 1697 811 1731 «
820 1669 947 1738 Cautes
974 1673 1170 1737 nominibus
1199 1674 1298 1736 reetie
1328 1671 1514 1753 expendere

389 1807 578 1852 nummos».
599 1825 644 1833 -—
660 1786 769 1853 vibice
787 1788 926 1870 ponitur
943 1791 1082 1870 propter
1100 1808 1244 1870 sequens
1262 1786 1423 1873 flagellas
1433 1808 1444 1866 ;
1464 1787 1514 1848 eet

389 1905 480 1967 enim
499 1903 588 1967 vibir
605 1903 728 1968 vulnus
747 1903 880 1984 flagello
901 1902 1075 1968 inflictum.
1092 1941 1137 1948 —
1151 1900 1373 1988 Nequiquam
1384 1898 1514 1986 popolo

392 2017 528 2085 bibulus
548 2017 731 2084 donaveris
751 2037 863 2098 auree,
893 2020 1016 2081 frustra
1038 2023 1108 2082 tarn
1135 2014 1280 2082 libenter
1310 2017 1425 2081 audiee
1443 2017 1515 2078 lau·

389 2135 449 2198 dee
468 2135 594 2216 populi.
615 2173 660 2180 —-
681 2133 880 2201 bibulae...
902 2152 1019 2216 aeres,
1042 2135 1162 2216 quibus
1189 2134 1325 2198 laudem
1353 2132 1449 2197 avide
1467 2132 1515 2194 bi-

390 2251 461 2326 bie;
483 2271 580 2314 auree
598 2251 708 2314 landis
736 2250 877 2313 bibulae.
910 2248 957 2313 Of.
987 2251 1193 2314 loeutionee:
1225 2251 1361 2313 auribus
1390 2246 1517 2329 aliquid

389 2366 503 2429 bibere
521 2366 576 2429 vel
594 2366 728 2429 haurire
739 2389 747 2440 ;
766 2365 849 2430 Hor.
871 2364 978 2430 Germ.
998 2366 1041 2429 Π.
1057 2367 1115 2453 113,
1137 2367 1288 2432 30-32:
1313 2364 1389 2428 «eed
1408 2361 1517 2442 magie

391 2481 523 2561 Pugnae
544 2485 576 2544 et
597 2485 727 2545 exaotoe
746 2486 907 2563 tyrannos
925 2480 1079 2545 Densum
1103 2483 1228 2546 umeris
1247 2481 1331 2544 bibit
1350 2499 1430 2543 aure
1444 2476 1515 2541 vol-

391 2616 485 2676 gus».
505 2634 550 2641 —
569 2595 750 2663 donaveris
779 2616 894 2677 auree,
921 2598 1124 2661 insolentius
1152 2598 1278 2660 dietum
1306 2616 1387 2677 pro:
1419 2611 1516 2657 auree

391 2711 479 2787 dare,
502 2713 721 2789 commodare,
742 2713 889 2797 preebere
909 2712 1019 2778 alieni.

446 2812 487 2891 VJ
505 2830 646 2893 51-52.
667 2828 814 2914 Respee,
832 2828 924 2914 quod
943 2848 1014 2894 oon
1033 2849 1068 2894 es
1079 2848 1092 2909 ;
1120 2828 1259 2909 repudia
1285 2827 1412 2900 laudes,
1434 2844 1516 2907 quae

393 2963 463 3006 non
481 2945 653 3021 meruieti;
683 2946 754 3009 noli
772 2947 824 3010 vir
852 2947 1007 3027 egregius
1034 2946 1154 3019 vocari,
1187 2945 1217 3007 ei
1241 2963 1356 3007 revera
1383 2962 1453 3004 non
1481 2959 1519 3001 ee

395 3060 556 3139 egregiae.
577 3098 621 3104 —--
640 3060 739 3127 rodat
757 3081 821 3126 sue
840 3080 988 3126 munera
1008 3058 1116 3135 cerdo,
1137 3060 1201 3123 eibi
1228 3059 1375 3122 habeant
1401 3056 1519 3119 laudes

394 3175 549 3237 homines
568 3175 609 3237 de
628 3176 734 3257 plebe,
749 3177 806 3258 qui
822 3178 883 3240 tibi
899 3176 1127 3240 blandiuntur.
1141 3212 1186 3218 -
1202 3173 1310 3249 tollor,
1324 3173 1462 3235 auferat.
1475 3206 1520 3213 -

396 3306 461 3353 sue
476 3308 632 3365 munera,
644 3291 770 3362 laudes,
786 3292 1016 3368 adulationee3
1038 3293 1078 3355 of.
1092 3291 1173 3354 Hor.
1187 3291 1247 3371 Ep.
1261 3290 1286 3353 I.
1303 3290 1353 3362 16,
1368 3286 1519 3350 31—35:

1080 3496 1086 3509 .
1110 3497 1117 3509 .
1140 3497 1147 3512 .
1173 3450 1306 3524 «Nempe

517 3563 573 3623 Vir
594 3564 692 3625 bonus
714 3585 748 3623 ao
769 3566 905 3641 prudens
927 3565 988 3625 diei
1010 3565 1145 3624 delector
1166 3584 1221 3640 ego
1244 3583 1279 3622 ao
1298 3566 1361 3621 tu».

519 3683 577 3755 Qui
600 3682 684 3741 dedit
704 3684 763 3742 hoo
785 3681 888 3753 hodie,
911 3702 978 3741 erae
1001 3684 1026 3740 si
1047 3682 1138 3750 volet,
1162 3680 1288 3750 auferet,
1309 3681 1352 3749 ut,
1375 3680 1401 3735 si

518 3797 673 3856 Detulerit
694 3798 785 3857 fasoie
806 3797 946 3872 indigno,
969 3796 1112 3855 detrahet
1131 3795 1224 3856 idem.

522 3914 632 3984 «Pone,
655 3933 758 3973 rneum
781 3916 843 3972 est»
867 3915 986 3989 inquit:
1008 3931 1092 3987 pono
1114 3912 1273 3986 tristisque
1294 3907 1413 3968 reoedo.

399 4105 497 4188 Apud
514 4104 694 4167 Horatium
713 4104 815 4183 igitur
832 4104 908 4165 laus
926 4102 1045 4184 populi
1062 4104 1112 4164 eet
1128 4100 1224 4182 quaei
1241 4097 1349 4163 hortor
1364 4118 1385 4160 a
1399 4096 1524 4179 populo

401 4221 501 4286 alioui
520 4220 659 4294 delatus,
681 4219 770 4300 apud
790 4219 940 4281 Persium
959 4216 1099 4281 dorium.
1120 4253 1164 4259 -
1183 4213 1294 4296 eorde,
1313 4214 1353 4277 de
1373 4214 1526 4277 haevoee

401 4338 526 4420 optime
546 4335 728 4416 disputavit
749 4331 937 4398 Buecheler
955 4332 1118 4412 (Juvenal.
1138 4331 1186 4394 ed.
1207 4327 1433 4403 Friedldnder‚
1449 4328 1476 4390 Ι.
1493 4340 1525 4408 p.

401 4454 510 4533 955.):
536 4451 620 4514 «Der
638 4450 743 4513 Narne
763 4449 892 4535 Κέρδων
911 4450 990 4512 kern
1006 4450 1043 4511 in
1058 4448 1170 4510 Athen
1186 4446 1253 4509 den
1267 4444 1526 4517 Arbeiteleuten‚
