3917 5475
815 737 923 779 seusus
939 738 989 780 111.
1429 714 1459 767 3¹

343 913 405 993 Qui
424 912 505 977 dicit
523 910 662 982 medico.
683 913 795 976 iussus
814 912 1029 993 requiescere,
1048 918 1224 993 postquam
1476 938 1505 979 90

342 1028 451 1093 Tertia
469 1032 673 1114 compositas
691 1027 775 1093 vidit
793 1048 860 1090 nox
878 1048 1009 1090 currere
1028 1048 1140 1098 venas,

340 1144 389 1209 De
408 1146 536 1211 maiore
554 1146 654 1211 domo
674 1144 803 1209 modice
823 1145 957 1208 sitiente
975 1146 1106 1226 lagoena

342 1262 447 1327 Lenia
465 1264 576 1328 loturo
596 1264 660 1329 sibi
679 1262 877 1328 Surrentina
896 1262 1033 1344 rogavit.

347 1379 458 1444 «Heus
466 1379 608 1455 boneta
618 1380 756 1465 pallesq.
768 1416 812 1422 ·-
827 1377 937 1440 «Nihil
949 1380 1030 1442 est».
1039 1414 1081 1421 ἡ
1092 1377 1230 1440 «Videas
1241 1382 1355 1440 tamen
1364 1378 1459 1445 istuc.

343 1494 511 1577 Quidquid
529 1495 564 1559 id
584 1499 642 1566 est.
665 1496 771 1576 surgit
789 1496 890 1558 tacite
909 1495 970 1557 tibi
990 1495 1081 1557 lutea
1099 1494 1228 1576 pelliss.
1251 1532 1293 1537 --
1478 1518 1506 1559 st

345 1611 404 1674 «At
422 1614 461 1673 tu
479 1609 626 1675 deterius
645 1611 760 1694 palles.
782 1611 829 1673 Ne
851 1612 895 1673 sis
915 1611 999 1673 mihi
1018 1614 1118 1673 tutor.

340 1728 412 1791 Ium
429 1726 561 1811 pridem
579 1728 669 1790 hunc
689 1727 814 1809 sepeli:
834 1730 871 1790 tu
890 1729 1028 1790 restas».
1042 1764 1086 1769 -
1102 1725 1231 1805 «Perge.
1253 1724 1368 1787 tacebo
1376 1700 1400 1787 i.
1419 1761 1462 1768 —

341 1838 504 1923 Turgidue
523 1844 578 1905 hic
598 1843 705 1925 epulis
725 1846 824 1924 atque
844 1842 918 1905 albo
938 1847 1053 1905 ventre
1073 1842 1210 1909 lavatur.

341 1959 482 2027 Gutture
503 1959 676 2041 sulpureas
693 1959 782 2021 lente
803 1959 978 2021 exhalante
998 1956 1136 2023 mefites.

342 2074 405 2140 Sed
422 2078 548 2139 tremor
567 2067 657 2138 inter
673 2077 752 2140 vina
772 2075 860 2139 subit
879 2074 1089 2156 calidumque
1108 2074 1266 2136 trientem
1465 2099 1506 2139 roo

339 2191 471 2255 Excutit
491 2213 508 2254 e
528 2191 692 2267 manibus,
713 2191 831 2255 dentes
850 2212 1007 2274 crepuere
1028 2191 1151 2264 retecti,

340 2310 447 2374 Uuota
466 2309 590 2373 cadunt
608 2309 691 2373 laxis
710 2313 791 2372 tunc
809 2309 1034 2392 pulmentaria
1054 2307 1163 2370 labris.

340 2422 429 2488 Hinc
447 2425 536 2498 tuba,
559 2425 714 2494 candelae.
735 2424 937 2506 tandemque
956 2425 1110 2487 beatulus
1131 2424 1197 2486 alto

341 2538 553 2623 Compositus
572 2541 657 2603 lecto
674 2541 860 2622 crassisque
879 2541 1005 2603 lutatus
1025 2539 1167 2602 amomis

340 2656 380 2719 Iu
397 2659 531 2740 portam
550 2654 672 2737 rigidae
693 2656 800 2719 calces
820 2654 975 2718 extendit.
996 2655 1039 2716 At
1059 2654 1154 2716 illum
1465 2678 1504 2719 rot

343 2771 503 2836 Hesterni
522 2772 631 2854 cepite
649 2770 768 2834 induto
790 2771 919 2834 subiere
940 2771 1094 2849 Quirites.

384 2889 504 2970 Tange,
527 2888 636 2955 miser.
657 2909 760 2952 venas
781 2892 813 2950 ct
831 2908 919 2971 pone
938 2889 975 2950 in
993 2890 1127 2968 pectore
1146 2885 1304 2948 dextram.
1325 2919 1369 2928 -

346 3004 417 3068 «Nil
436 3006 522 3068 calet
541 3005 626 3067 hic».
647 3043 691 3048 —
711 3003 932 3086 summosque
948 3003 1050 3087 pedes
1067 3003 1193 3082 attinge
1210 3020 1404 3081 manusque.
1419 3039 1461 3045 ss

347 3121 438 3185 «Non
458 3122 612 3202 frigent».
634 3120 776 3184 -Visa
796 3123 846 3183 est
866 3121 893 3182 si
914 3122 998 3182 forte
1017 3118 1161 3200 pecunia
1181 3119 1248 3179 sive

343 3237 491 3301 Candida
510 3238 612 3300 vicini
632 3237 767 3301 subrisit
786 3237 887 3299 molle
906 3236 1028 3319 puella.
1466 3260 1507 3299 uo

342 3354 405 3419 Gor
422 3354 485 3417 tibi
504 3356 567 3417 rite
587 3355 688 3420 salit?
706 3354 857 3417 Positum
877 3358 926 3418 est
946 3354 1077 3435 algente
1097 3353 1207 3416 catino

342 3469 471 3534 Durum
492 3470 566 3532 clus
586 3476 619 3533 et
636 3471 755 3552 populi
774 3470 880 3533 cribro
900 3469 1039 3532 decussa
1060 3470 1186 3532 farina:

343 3585 557 3668 Temptemus
577 3587 706 3663 fauces;
727 3590 843 3649 tenero
863 3587 945 3649 latet
964 3587 1059 3648 ulcus
1078 3587 1115 3647 in
1135 3605 1191 3647 ore

341 3703 449 3776 Putre,
471 3701 560 3783 quod
579 3701 669 3766 haud
687 3702 802 3765 deccat
820 3702 951 3785 plebeia
970 3701 1085 3764 radere
1104 3701 1190 3764 beta.

340 3820 449 3900 Algos,
471 3838 548 3881 cum
568 3819 710 3882 excussit
728 3819 887 3881 membris
906 3819 1008 3881 timor
1027 3818 1121 3880 elbus
1142 3818 1278 3892 arietas;
1466 3841 1506 3879 ut

341 3935 436 3999 Nunc
455 3936 527 3998 lace
548 3935 720 4017 supposita
740 3935 892 3997 fervescit
912 3935 1048 4015 sanguis
1070 3938 1101 3996 et
1120 3935 1169 3996 ira

344 4049 534 4114 Scintillaut
553 4051 650 4125 oculi,
671 4049 819 4132 dicisque
839 4052 994 4133 facisque⁴
1017 4050 1105 4132 quod
1124 4052 1195 4132 ipse

342 4167 415 4230 Non
434 4167 509 4230 sani
529 4188 601 4229 esse
621 4167 768 4230 hominis
787 4188 857 4230 non
874 4186 976 4230 sanus
996 4168 1082 4229 iuret
1102 4167 1267 4230 Orestem.
