3917 5475
434 655 455 709 8
909 674 1072 733 nanneno

436 854 644 927 Buecheler
667 858 756 948 post
782 860 1019 926 contemnere
1043 853 1230 946 punctum
1247 851 1385 947 posuit,
1405 875 1472 946 ego
1490 850 1564 925 duo

437 1000 588 1092 puncta,
615 997 703 1092 quia
729 998 846 1070 artius
869 995 1221 1090 cumsequentibus
1240 993 1473 1090 iungendum
1491 999 1567 1083 est3

438 1141 484 1214 cf.
509 1139 792 1214 adnotationem
818 1139 865 1212 ad
891 1140 928 1213 h.
954 1139 979 1213 l.
1006 1138 1050 1211 V.
1077 1140 1137 1211 46.
1165 1161 1243 1209 non
1270 1161 1387 1209 sono:
1417 1137 1565 1210 Monte·

437 1284 661 1377 pessulanus
692 1284 833 1355 195-
861 1288 894 1355 et
921 1285 1080 1354 insono:
1108 1281 1466 1376 Montepessulanus
1494 1280 1564 1350 919

439 1428 477 1495 et
501 1424 716 1500 Vaticanus.
742 1427 786 1500 V.
813 1428 871 1499 57.
908 1425 1041 1497 collem
1053 1451 1063 1497 :
1101 1424 1459 1519 Montepessulanus
1497 1424 1565 1495 195

438 1594 554 1643 manu
580 1570 714 1659 altera;
742 1570 787 1643 cf.
813 1568 967 1643 Hesiod.
993 1568 1089 1663 Opp.
1111 1568 1204 1639 99οε
1224 1560 1367 1661 ὄρθιος
1384 1560 1499 1659 οἶμος
1518 1608 1561 1614 -

440 1714 591 1820 collem:
619 1712 974 1807 Montepessulanus
992 1683 1073 1783 Ι195
1100 1736 1217 1784 manu
1250 1711 1382 1805 prima,
1418 1710 1564 1783 Monte-

339 1841 341 1851 *
437 1856 661 1950 pessulanus
688 1857 758 1927 919
786 1860 823 1929 et
848 1856 1063 1929 Vaticanus.
1091 1857 1133 1928 V.
1153 1857 1211 1927 93.
1231 1856 1396 1947 reponit:
1416 1854 1564 1926 Monte·

437 1999 661 2092 pessulanus
692 2000 759 2071 195
786 2039 833 2046 -
860 2000 1030 2093 nopotis:
1059 1997 1416 2091 Montepessulanus
1440 1996 1510 2067 919
1529 2001 1566 2068 et

438 2142 642 2215 Vaticanus
652 2169 660 2230 ;
696 2143 864 2236 ropobit:
900 2143 1118 2216 Buecheler.
1154 2144 1197 2215 V.
1233 2144 1291 2214 98.
1326 2146 1414 2235 post
1447 2146 1566 2212 restas

438 2285 645 2359 Buecheler
658 2286 809 2379 signum
818 2286 1123 2380 interrogationis
1137 2284 1275 2381 posuit,
1287 2309 1355 2379 ego
1368 2288 1564 2380 punctum.

490 2425 620 2499 Sinni
652 2426 715 2499 IV.
751 2428 793 2499 V.
829 2430 863 2500 9.
899 2430 1054 2502 verbum
1089 2435 1189 2523 puto
1222 2426 1429 2500 Buecheler
1467 2427 1564 2499 Alci-

439 2568 539 2641 biadi
564 2570 705 2660 tribuit,
734 2596 801 2666 ego
829 2572 994 2661 Socrati3
1023 2574 1066 2646 cf.
1095 2572 1379 2646 adnotationem
1406 2570 1511 2644 adh.
1538 2570 1563 2643 l.

440 2715 482 2787 V.
510 2714 567 2788 94.
589 2717 839 2810 procedentis
851 2744 861 2788 .·
890 2716 1032 2810 scripsi,
1053 2717 1117 2790 ubi
1135 2717 1261 2790 littera
1279 2743 1295 2789 s
1313 2717 1353 2790 in
1370 2718 1444 2790 fine
1462 2716 1565 2790 verbi

438 2865 591 2954 propter
617 2883 777 2954 sequens
803 2866 995 2954 spectatur
1019 2861 1126 2934 facile
1151 2861 1278 2954 potuit
1304 2860 1448 2949 omitti3
1466 2859 1566 2933 idem

439 3001 573 3096 probat
606 3003 861 3076 Heinrich-
893 3006 1144 3098 prcecedentt:
1180 3005 1276 3078 libri.
1313 3006 1355 3077 V.
1393 3007 1450 3078 31.
1486 3006 1564 3100 for·

441 3151 569 3217 cotom
588 3203 595 3216 .
617 3203 624 3216 .
646 3203 653 3216 .
674 3147 812 3218 ollam:
841 3148 973 3241 scripsi
1001 3152 1151 3222 secutus
1186 3149 1565 3242 Montepessulanum

442 3290 513 3360 919
540 3295 577 3363 et
602 3292 826 3363 Vaticanum
854 3331 898 3340 —
926 3291 1081 3385 forrato
1101 3349 1108 3363 .
1129 3348 1136 3361 .
1158 3350 1165 3364 .
1186 3293 1283 3364 cllo:
1303 3293 1565 3388 Montepessu·

440 3434 549 3505 lanus
593 3429 671 3500 195.
711 3429 753 3500 V.
789 3430 847 3501 48.
882 3427 1090 3502 Buecheler
1130 3452 1278 3501 comma
1314 3429 1442 3522 posuit
1479 3432 1566 3522 post

442 3578 552 3662 uenit,
580 3597 647 3668 ego
672 3576 759 3665 post
786 3595 975 3658 omarum,
1004 3572 1189 3665 quiahoc
1217 3595 1396 3643 umorum
1432 3571 1477 3643 ad
1502 3596 1564 3666 pe-

442 3743 529 3790 nem
555 3723 612 3791 est
637 3714 873 3789 referendum
887 3744 895 3805 3
923 3716 968 3789 cf.
997 3715 1279 3789 adnotationem
1307 3714 1415 3788 adh.
1442 3716 1466 3788 l.

491 3862 622 3934 Sarrae
647 3861 689 3932 V.
716 3860 759 3931 V.
789 3860 848 3931 47.
885 3860 1023 3930 Libro:
1059 3859 1268 3932 maiuscula
1301 3859 1437 3949 littera,
1479 3860 1564 3954 quia

442 4006 564 4099 agitur
590 4004 634 4077 de
662 4006 768 4099 signo
794 4002 938 4075 zodiaci
965 4042 1011 4048 —
1040 4003 1157 4072 libro:
1189 4002 1406 4075 Buecheler.
1433 4003 1476 4074 V.
1503 4005 1562 4074 49.

448 4150 644 4222 Geminos:
684 4147 892 4220 maiuscula
924 4146 1061 4234 littera,
1098 4145 1184 4238 quia
1220 4148 1341 4239 agitur
1375 4145 1419 4219 de
1456 4147 1562 4241 signo

443 4292 583 4366 zodiaci
624 4333 669 4338 —
709 4292 898 4384 penninos:
937 4289 1156 4362 Buecheler.
1191 4291 1233 4360 V.
1275 4291 1331 4360 59.
1374 4291 1560 4384 Frepertt:

442 4435 798 4531 Montepessulanus
829 4434 915 4520 1953
943 4433 988 4505 cf.
1016 4430 1299 4504 adnotationem
1327 4430 1434 4503 adh.
1462 4433 1486 4504 l.
1516 4470 1560 4480 —
