3917 5475
361 743 365 754 ὓ
449 654 503 710 954
857 675 985 722 ,semus
999 671 1028 722 a
1047 667 1171 723 srssai.

502 852 540 916 V.
560 854 704 917 47-51.
725 849 855 918 Nostro
872 852 925 917 uel
945 852 1074 937 aequali
1097 852 1273 937 suspendit
1292 858 1445 940 tempora
1463 855 1574 923 Libro

450 966 563 1034 Paroa
583 970 688 1034 tanaro
705 967 787 1049 ueri,
807 969 914 1030 falum
932 989 995 1031 nos
1013 969 1073 1032 sub
1102 970 1199 1050 signo
1228 971 1335 1034 Librae
1363 973 1457 1035 nasoi
1476 973 1574 1036 iussil

450 1086 483 1148 el
499 1081 573 1146 ideo
594 1101 710 1147 sumus
729 1084 798 1144 lam
817 1079 897 1145 boni
913 1083 1022 1146 amisi.
1042 1082 1072 1146 Ii
1092 1073 1191 1157 enim,
1212 1085 1268 1167 qui
1297 1086 1358 1149 sub
1386 1088 1449 1149 hoo
1477 1087 1572 1167 signo

449 1201 641 1274 naseuntur,
678 1199 921 1278 astrologorum
959 1201 1128 1263 senlenlia
1163 1199 1244 1263 boni
1274 1202 1373 1265 amioi
1404 1206 1491 1265 sunl.
1524 1200 1572 1265 Cf.

450 1313 565 1380 Manil.
585 1314 672 1378 Aslr.
692 1314 734 1378 II.
757 1315 949 1380 oua-aaoz

531 1471 674 1546 Quosque
698 1469 816 1531 dabunt
839 1471 942 1530 caelu
964 1445 1150 1548 Geminique
1171 1445 1203 1531 el
1222 1473 1375 1548 Aquarius
1398 1477 1491 1543 ortus,
1532 1464 1535 1471 ⁴

530 1587 634 1648 Unum
656 1589 763 1662 psoius
784 1587 901 1646 habant
922 1586 1055 1663 fideique
1075 1588 1235 1646 immobile
1255 1589 1410 1657 vinolum;

450 1773 530 1838 Hor.
545 1773 652 1839 Caum.
666 1774 708 1838 ΙΙ.
725 1776 774 1844 17.
793 1775 941 1839 15-18:
963 1776 1029 1838 «aio
1044 1777 1175 1855 potenti
1189 1775 1331 1839 Iusliliae
1346 1777 1573 1859 placitumque

454 1887 571 1954 Parsis
581 1907 592 1953 .·
612 1886 677 1952 Seu
693 1886 802 1954 Libra
815 1909 875 1953 seu
886 1910 940 1952 mo
957 1888 1113 1972 Scorpios
1129 1890 1272 1971 adspicit
1286 1891 1571 1956 Formidulosus».

450 2043 459 2048 -
478 2041 494 2048 -
512 2001 640 2070 Nostro
658 2057 664 2068 .
680 2051 709 2068 ..
731 2008 894 2089 leueporu,
913 2008 1047 2069 nostros
1067 2003 1138 2069 dies
1157 2006 1298 2070 natales,
1319 2044 1363 2050 —
1381 2006 1509 2090 aequali
1522 2058 1529 2070 .
1542 2054 1572 2072 ..

432 2114 569 2194 'loibum
590 2120 668 2201 quia
697 2117 753 2184 Sol
780 2123 931 2200 tempore
956 2120 1147 2201 aequinoctii
1178 2122 1383 2185 autumnalis
1411 2123 1448 2184 in
1476 2123 1572 2204 signo

451 2233 557 2298 Libra
579 2236 637 2297 esl.
657 2233 759 2297 Recte
772 2235 925 2298 soholia:
950 2234 1107 2315 «Aequali
1122 2235 1217 2310 libra,
1231 2237 1310 2318 quia
1324 2256 1489 2301 mensurae
1501 2238 1573 2301 vioe

451 2349 600 2428 fungitur
618 2350 655 2411 in
673 2350 881 2430 aequinoctia
902 2353 940 2411 ul
957 2349 1125 2428 Vergilius
1141 2350 1212 2428 (Ge.
1225 2351 1250 2414 Ι.
1264 2352 1359 2430 208):
1384 2351 1501 2416 «Libra
1520 2352 1573 2415 die

452 2463 626 2544 somnique
645 2484 742 2544 pares
761 2465 819 2528 ubi
838 2464 953 2527 feeerit
977 2465 1109 2529 horas».
1134 2464 1275 2529 Videtur
1302 2460 1427 2529 imitari
1455 2465 1571 2531 Manil.

452 2579 613 2644 laeli.
634 2580 829 2646 aur-548:
1350 2570 1352 2577 “

572 2737 632 2798 Sed
654 2759 724 2798 oum
746 2742 940 2799 autumnales
961 2745 1121 2815 ooeperrmt
1142 2760 1264 2816 surgere
1287 2741 1399 2811 Chelae,

575 2857 664 2917 Felix
686 2866 808 2932 aequato
830 2858 952 2930 genitus
975 2856 1029 2915 sub
1048 2861 1188 2931 pondero
1209 2858 1317 2917 librae.

451 3020 711 3131 sssuspeudil.
726 3098 754 3111 ..
775 3045 899 3127 Paroa,
917 3046 1029 3109 looum
1048 3045 1233 3109 rectissime
1262 3045 1437 3126 explicavit
1464 3046 1573 3109 Jahn:

456 3166 585 3238 «Paroa,
606 3182 677 3244 quae
697 3162 847 3224 nascenti
868 3161 998 3223 homini
1015 3159 1130 3237 adfui,
1150 3180 1188 3223 eo
1204 3164 1363 3241 tempore,
1385 3181 1449 3243 quo
1469 3163 1574 3224 astro-

450 3278 568 3359 logicis
587 3276 882 3358 supersliiionibus
901 3275 1008 3338 Roma
1031 3276 1159 3355 repleta
1180 3279 1258 3350 erat,
1281 3295 1319 3337 ex
1346 3278 1440 3339 motu
1469 3278 1574 3339 asaro-

452 3415 526 3457 rum
545 3393 724 3473 unicuique
744 3393 851 3454 iatum
868 3411 965 3454 suum
997 3391 1178 3454 attribuere
1205 3391 1395 3471 putabatur,
1416 3410 1518 3472 quare
1537 3390 1575 3452 in

452 3507 651 3589 anaglyphis
669 3507 831 3571 Romanis
850 3525 918 3568 una
947 3486 1125 3567 Parourum
1143 3505 1181 3568 in
1199 3505 1297 3585 globo
1324 3505 1450 3574 caelesti
1476 3504 1574 3567 horo-

453 3646 590 3706 soopum
615 3629 731 3688 notare
755 3624 853 3697 solea,
874 3622 932 3685 ubi
958 3622 1013 3686 vel
1040 3622 1164 3684 infanti
1191 3642 1306 3685 rsosns
1332 3625 1411 3684 nalo
1440 3621 1488 3700 (R.
1508 3620 1573 3684 Ro-

453 3742 582 3805 oheile:
602 3740 692 3807 Mon.
713 3738 805 3802 Ined.
823 3742 846 3801 t.
869 3739 920 3812 77,
943 3738 984 3816 ἓ),
1005 3737 1058 3801 vel
1086 3737 1284 3800 Prometheo
1313 3737 1486 3800 hominem
1511 3733 1575 3798 fin-

452 3856 544 3938 genti
564 3855 699 3919 adstant
717 3854 814 3933 (Mus.
836 3852 942 3934 Capit.
952 3851 1008 3916 IV.
1021 3855 1044 3914 l.
1059 3851 1122 3930 25),
1143 3850 1231 3931 quod
1250 3870 1326 3913 oum
1343 3849 1453 3915 verbis
1469 3850 1575 3912 Persii

453 3971 583 4053 egregie
603 3971 779 4033 oonoinil».
800 4006 844 4012 —-
865 3971 969 4032 leuues
991 3966 1073 4043 veri,
1092 3967 1170 4048 quia
1198 3966 1316 4038 Paroa,
1337 3986 1409 4047 quae
1428 3965 1489 4028 sali
1508 3967 1575 4027 sta·

452 4089 545 4152 mina
563 4090 655 4161 nent,
670 4088 781 4148 futura
800 4103 877 4148 vere
895 4082 1081 4164 praediounl
1099 4100 1207 4162 nequa
1223 4099 1372 4160 unquam
1391 4079 1573 4153 fallunlu13

453 4204 492 4265 ol.
514 4198 633 4264 Caluil.
656 4202 707 4275 ol,
730 4199 915 4264 auo—322.
936 4196 977 4260 de
997 4197 1130 4262 Parcis:
