3917 5475
804 684 914 730 sirim
928 685 957 730 v.
976 684 1101 731 ets—oe.
1463 666 1515 720 253

395 883 474 944 «per
491 883 546 925 me
567 861 720 943 equidem
746 863 814 926 sint
833 862 947 926 omnia
965 862 1120 944 protinus
1144 863 1249 926 alba.»
1272 900 1317 907 »-
1333 864 1516 929 amborum

391 975 524 1062 foedere
552 979 641 1042 oerto
668 974 868 1042 Consentire
887 976 960 1044 dies
981 978 1013 1042 ot
1032 976 1076 1042 ob
1095 995 1165 1042 ono
1185 975 1297 1042 sidere
1316 976 1405 1053 doci,
1427 982 1515 1042 reate

390 1091 538 1156 seholia:
563 1091 654 1156 «Hoo
673 1091 858 1156 seeundum
870 1093 1056 1174 astrologos
1073 1092 1162 1168 dieit,
1184 1092 1241 1173 qui
1260 1091 1376 1156 dieunt
1394 1094 1516 1157 nativi·

388 1210 476 1270 tates
495 1207 671 1272 hominum
691 1208 727 1271 in
744 1207 909 1272 sideribus
925 1213 1112 1274 constare».
1133 1206 1243 1283 Simili
1261 1207 1393 1272 ratione
1413 1209 1515 1291 expli-

390 1323 476 1386 oavit
495 1323 563 1387 iam
591 1322 753 1387 Horatius
782 1344 877 1387 suam
905 1344 981 1387 oum
1001 1322 1185 1387 Maecenate
1205 1323 1389 1388 amicitiam
1406 1323 1513 1389 Oarm.

388 1438 430 1501 ΙΙ.
455 1439 504 1511 17,
529 1441 668 1514 li-nn
697 1460 780 1521 quos
807 1459 923 1504 versus
951 1440 1086 1503 Persius
1114 1439 1177 1502 hoo
1205 1439 1278 1502 loeo
1303 1443 1381 1502 ante
1401 1441 1515 1504 oeulos

389 1553 526 1618 habuit:

604 1667 664 1728 Seu
684 1668 780 1728 Libra
801 1688 855 1728 seu
876 1686 925 1726 me
948 1667 1093 1743 Scorpios
1116 1669 1227 1744 aspicit

601 1783 843 1855 Formidulosua
865 1805 937 1860 pars
957 1784 1125 1843 violentior

601 1899 721 1958 Natalis
743 1899 837 1968 horae,
860 1918 913 1957 seu
934 1903 1086 1974 tyrannus

602 2014 761 2089 Hesperia
784 2013 991 2089 Capricornus
1014 2012 1123 2072 undar:

601 2243 772 2320 Utrumque
795 2247 936 2304 nostrum
956 2243 1133 2303 incredibili
1154 2243 1246 2302 modo

602 2360 765 2420 consentit
786 2364 911 2421 astrum.
934 2360 975 2419 'le
997 2361 1082 2420 Iovis
1102 2361 1200 2436 impio

600 2476 709 2536 Tutela
730 2476 865 2537 Saturno
886 2477 1041 2550 refulgens

602 2591 755 2668 Eripuit.
778 2641 784 2653 .
808 2639 815 2654 .

386 2859 431 2865 —
449 2820 573 2907 foedore
593 2827 692 2904 certe,
712 2827 801 2887 certa
820 2824 912 2904 lege;
933 2825 973 2886 of.
990 2823 1086 2903 Verg.
1107 2825 1189 2886 Aen.
1209 2824 1235 2886 Ι.
1254 2824 1405 2886 lte—63:

508 2980 662 3055 Imposuit
682 3000 846 3056 regemque
868 2981 960 3051 dedit,
985 2983 1037 3056 qui
1058 2980 1172 3038 foedere
1194 2982 1278 3038 certo

506 3095 547 3154 Et
567 3114 707 3171 premere
729 3099 760 3153 et
780 3097 865 3154 laxas
887 3097 979 3154 seiret
1000 3096 1072 3154 dare
1092 3097 1194 3155 iussus
1214 3096 1353 3153 habenas

389 3289 422 3347 et
442 3284 500 3349 Ge.
521 3285 546 3349 l.
569 3286 720 3350 (to—61:

509 3443 664 3503 Continuo
687 3443 743 3501 has
765 3443 848 3517 leges
869 3446 1045 3517 {eternaque
1067 3441 1185 3500 foedera
1206 3443 1297 3500 oertis

507 3559 662 3634 Imposuit
682 3561 794 3617 natura
814 3559 907 3627 loeis;

387 3745 503 3809 Manil.
524 3746 611 3810 Astr.
631 3747 674 3810 ΙΙ.
695 3748 770 3810 478.
792 3746 832 3809 de
853 3747 972 3810 astris:
1007 3746 1137 3808 «lunxit
1159 3749 1215 3824 (se.
1236 3744 1328 3821 deus)
1349 3744 1513 3807 amioitias

387 3862 507 3925 hoium
527 3866 582 3940 (se.
604 3867 780 3939 astrorum)
800 3861 861 3925 sub
881 3861 1004 3924 foedere
1024 3864 1146 3923 certo».
1162 3897 1207 3903 —
1222 3857 1420 3925 Consentire
1439 3856 1512 3923 dies

388 3979 418 4040 et
447 3976 491 4041 ob
518 3995 588 4042 tom
617 3975 725 4042 sidere
753 3975 845 4058 cinei,
870 3976 942 4039 dies
971 3976 1155 4050 amborum,
1182 3975 1202 4038 i.
1225 3994 1251 4038 e.
1273 3974 1344 4037 dies
1370 3974 1511 4043 natales,

389 4092 515 4154 similes
536 4096 623 4167 sunt,
645 4094 723 4173 quia
754 4092 851 4156 ambo
882 4092 942 4155 sub
972 4112 1041 4155 uno
1071 4091 1179 4155 sidere
1207 4091 1279 4153 nati
1308 4110 1434 4155 sumus.
1463 4089 1511 4152 Cf.

386 4204 468 4269 Hor.
490 4205 597 4269 earm.
617 4208 660 4271 Π.
685 4209 733 4278 17,
755 4208 906 4272 a1-ne:
932 4208 1135 4288 «Utrumque
1154 4181 1306 4268 nostruin
1325 4203 1513 4268 incredibili

387 4320 486 4385 modo
509 4318 681 4387 Consentit
698 4325 857 4386 astrum».
877 4358 922 4367 --
940 4322 985 4387 ob
1004 4340 1074 4386 uno
1103 4320 1214 4386 sidone
1239 4317 1330 4401 duel,
1349 4320 1512 4399 originem

280 4454 282 4459 ·
387 4436 515 4517 oepisse
535 4436 575 4499 ab
594 4457 662 4499 uno
684 4436 801 4500 sidere.
