3917 5475
798 686 908 731 SATIRA
924 688 965 732 vu
984 685 1108 733 11-17,
1462 669 1515 723 333

390 860 560 941 epistulae,
583 861 611 923 si
629 861 775 924 victoria
804 863 1057 937 nuntiabantur,
1081 864 1197 927 laurus
1216 866 1253 927 in
1274 867 1418 947 epistula
1436 866 1514 949 fige-

388 976 494 1049 batur,
517 976 545 1038 si
565 980 678 1038 autem
697 975 823 1057 aliquid
843 975 981 1050 adversi,
1003 978 1142 1058 pinna»;
1161 977 1398 1044 8111101144.
1425 980 1514 1060 «th-

387 1089 503 1171 ligula)
523 1088 717 1170 magnificas
735 1091 878 1155 Romam
896 1092 1027 1155 litteras
1046 1093 1147 1167 misit,
1169 1095 1307 1158 monitis
1330 1096 1516 1177 speculato-

388 1205 489 1279 ribus,
515 1208 553 1267 ut
570 1206 724 1269 vehiculo
745 1206 786 1269 ad
806 1207 915 1269 forum
943 1226 1048 1287 usque
1069 1211 1101 1269 ot
1122 1209 1249 1271 curiam
1278 1209 1515 1290 pertenderent

387 1340 449 1383 nec
467 1321 533 1383 nisi
553 1321 589 1382 in
608 1320 677 1384 aede
696 1320 815 1386 Martis
835 1341 873 1384 ac
893 1322 1066 1403 frequente
1087 1328 1207 1387 senatu
1236 1326 1429 1390 consulibus
1448 1330 1514 1390 tra-

388 1435 536 1500 derent».
557 1476 601 1481 —
620 1434 796 1523 Insipacm
816 1436 857 1502 ob
877 1436 1010 1502 cladem
1043 1436 1224 1505 Germania
1248 1440 1375 1524 patim
1393 1441 1433 1505 de
1453 1442 1515 1505 hac

388 1572 423 1613 ro
443 1552 627 1615 rectissime
647 1553 720 1616 Tac.
752 1552 862 1618 Germ.
884 1553 945 1617 37:
971 1554 1143 1633 cingentes
1165 1554 1228 1620 Gai
1247 1555 1387 1619 Caesaris
1416 1558 1514 1619 minae

388 1667 424 1728 in
442 1668 624 1730 ludibrium
643 1690 774 1733 versae.»
797 1706 843 1713 —-
861 1669 934 1733 aas
955 1667 1118 1755 rupices
1149 1672 1319 1735 1111111111
1338 1672 1446 1752 cinis;
1464 1694 1514 1735 re-

387 1780 499 1863 liquiae
521 1784 642 1863 prioris
672 1782 824 1847 sacrificii
856 1790 1061 1860 amoventur,
1092 1791 1129 1849 ut
1157 1807 1244 1850 nova
1272 1788 1313 1850 ob
1340 1789 1514 1851 victoriam

389 1896 550 1961 sacrificia
570 1898 633 1961 diis
654 1898 764 1962 offerri
783 1900 924 1980 possint.
945 1937 990 1943 —
1009 1920 1050 1965 oc
1069 1900 1143 1964 iam
1167 1902 1323 1984 postibus
1344 1907 1425 1977 111.;
1446 1902 1513 1968 Oae-

389 2014 493 2081 sonia.
518 2034 600 2076 uxor
628 2012 795 2094 Caligulas,
816 2016 1027 2096 triumphum
1048 2021 1189 2096 apparat
1208 2019 1258 2094 (cf.
1281 2017 1338 2081 Ov.
1361 2039 1400 2080 11
1418 2018 1511 2080 Pont.

378 2127 445 2192 ¹lIl.
478 2131 509 2203 4,
539 2130 703 2194 95-110.
734 2128 774 2191 (11
803 2130 899 2193 Livia
927 2131 1138 2212 triumphum
1168 2132 1291 2194 Tiberii
1319 2136 1515 2214 apparantel

389 2245 422 2305 et
441 2244 563 2318 omnia,
585 2264 657 2325 quse
675 2244 817 2308 victores
830 2245 872 2308 ad
883 2246 1092 2326 triumphum
1106 2246 1334 2310 exornandum
1354 2268 1393 2310 ex
1403 2246 1515 2329 praeda

387 2361 528 2425 Romam
557 2367 691 2443 portare
720 2363 881 2437 solebant,
912 2361 954 2425 ad
983 2363 1070 2424 hanc
1101 2361 1222 2425 11111111
1249 2383 1408 2444 pompam
1438 2362 1514 2425 illu-

389 2476 560 2541 strandam
580 2477 694 2542 Romae
724 2477 876 2541 facienda
906 2482 938 2539 et
967 2476 1196 2558 comparanda
1222 2483 1334 2543 curat:
1364 2476 1515 2559 Caligula

389 2594 479 2658 enim
498 2594 627 2659 nullam
647 2595 765 2659 habuit
791 2594 947 2676 praedam,
978 2614 1077 2675 quam
1105 2593 1247 2656 Romam
1277 2594 1434 2656 mitteret
1464 2590 1511 2656 cf.

389 2708 477 2775 Suet.
500 2709 567 2775 Cal.
588 2712 651 2776 47:
676 2710 881 2775 «Conversus
897 2709 951 2772 1111
972 2707 1013 2772 ad
1030 2727 1144 2772 curam
1157 2709 1320 2790 triumphi
1340 2707 1514 2790 (Caligula)

387 2832 507 2907 praeter
526 2827 674 2908 captivos
695 2847 732 2891 ac
759 2827 950 2905 transfugos
978 2825 1136 2888 barbaros
1166 2824 1352 2890 Galliarum
1383 2844 1513 2905 quoque

388 2943 658 3022 procerissimum
678 2961 842 3023 quemque
862 2945 895 3003 et
914 2943 963 3018 (ut
981 2940 1054 3021 ipse
1074 2938 1215 3019 dicebat)
1239 2936 1513 3023 ἀξιοθριάμβευτον

390 3077 426 3119 11
445 3057 628 3120 nonnullos
649 3077 687 3119 er
705 3055 912 3137 principibus
930 3053 1013 3134 legit
1033 3075 1070 3117 ac
1099 3055 1248 3135 seposuit
1279 3053 1320 3117 ad
1343 3073 1511 3135 pompam,

388 3173 561 3254 coegitque
579 3195 649 3236 non
669 3176 801 3236 tantum
829 3170 966 3233 rutilare
996 3174 1029 3232 et
1057 3171 1266 3233 summittere
1295 3190 1433 3243 comam,
1456 3167 1513 3232 sed

389 3293 422 3352 et
441 3310 629 3352 sermonem
660 3287 896 3354 Germanicum
925 3284 1095 3348 addiscere
1125 3290 1158 3348 et
1176 3287 1315 3348 nomina
1342 3283 1513 3347 barbarica

388 3408 549 3469 11111...
575 3403 713 3486 Scripsit
733 3409 765 3467 et
783 3400 1062 3484 procuratoribus,
1084 3401 1292 3482 triumphum
1313 3402 1514 3481 appararent

388 3541 488 3602 quam
507 3521 649 3584 minima
669 3540 808 3593 summa,
831 3517 890 3582 sed
908 3521 1054 3599 quantus
1084 3537 1258 3598 nunquam
1278 3517 1364 3579 alius
1384 3517 1510 3588 fuisset,

388 3635 520 3716 quando
540 3637 577 3698 in
596 3636 747 3698 omnium
770 3636 946 3698 hominum
973 3633 1062 3697 bona
1090 3634 1143 3695 ius
1171 3631 1361 3696 haberent.»
1384 3669 1428 3676 —-
1442 3648 1511 3713 pc-

388 3749 498 3814 1111111
525 3769 649 3830 arnam
677 3772 769 3814 arma
797 3749 950 3814 hostibus
980 3750 1145 3830 adempta,
1177 3748 1292 3830 spolia,
1325 3749 1447 3830 partim
1475 3746 1511 3808 in

388 3863 486 3927 domo
506 3866 771 3948 triumphatoris
793 3867 917 3947 partim
937 3866 973 3927 in
1001 3864 1137 3946 templis
1165 3863 1303 3928 deorum
1332 3862 1510 3944 affigeban-

387 3982 442 4040 tur
460 3979 620 4059 postibus.
642 3980 689 4045 Cf.
720 3982 804 4045 Plin.
825 3981 863 4044 N.
883 3980 926 4044 Η.
946 3979 1076 4043 XXXV.
1099 3983 1138 4044 7:
1163 3978 1254 4043 «alise
1274 3981 1354 4044 foris
1374 3984 1407 4043 et
1425 3979 1512 4042 circa

386 4093 505 4157 limina
525 4096 714 4159 animorum
730 4097 917 4177 ingentium
933 4096 1099 4177 imagines
1119 4100 1214 4160 erant
1233 4095 1347 4159 adfixis
1364 4097 1512 4159 hostiurn

388 4209 513 4289 spoliis,
535 4229 606 4291 quae
626 4231 687 4273 nec
708 4211 913 4293 emptoribus
936 4210 1074 4292 refigere
1100 4211 1216 4274 liceret
1243 4213 1510 4294 triumphabant-

386 4343 450 4404 que
470 4325 571 4388 etiam
591 4325 736 4388 dominis
754 4327 893 4390 mutatis
922 4331 1042 4408 emptae
1070 4327 1207 4390 domus»
1214 4351 1222 4403 3
1241 4327 1312 4391 Vah
1333 4327 1418 4391 Man
1439 4327 1509 4390 Vll.

387 4441 416 4512 6,
441 4439 477 4503 l:
502 4437 707 4504 «Cannensis
728 4445 839 4504 autem
859 4440 970 4506 clades
990 4441 1072 4507 adeo
1096 4441 1214 4506 urbem
1242 4446 1393 4506 nostram
1410 4443 1510 4507 vehe-
