3917 5475
781 718 891 760 sarnai
906 719 927 762 1.
946 716 1073 765 41—43.

466 892 530 949 Nec
554 889 636 966 quod
658 911 732 950 avus
754 891 811 950 tibi
832 895 991 951 maternus
1013 894 1072 952 fuit
1094 897 1183 971 atque
1205 900 1362 972 paternus,

468 1005 549 1064 Olim
573 1007 625 1082 qui
646 1008 767 1080 magnis
788 1007 959 1082 legionibus
980 1008 1199 1084 imperitarint,

467 1121 514 1207 Ut
529 1121 669 1196 plerique
691 1122 800 1190 solent,
822 1141 899 1182 uaso
922 1122 1085 1197 suspendis
1107 1128 1230 1184 adunco

468 1238 605 1312 Ignotos
628 1239 663 1294 ut
684 1255 733 1295 me
754 1237 900 1296 libertino
922 1241 1010 1312 patre
1032 1242 1150 1310 natum,

342 1482 377 1540 et
395 1477 595 1558 Kiesslingii
615 1476 867 1539 adnotationem
894 1476 936 1539 ad
964 1478 1054 1539 hunc
1073 1480 1204 1545 locum:
1230 1483 1307 1546 «Dic
1327 1485 1413 1548 Nase
1434 1493 1471 1548 so

341 1593 436 1656 hoch
465 1614 508 1655 au
536 1597 664 1673 tragon,
685 1592 762 1654 dass
791 1612 871 1654 man
901 1593 1001 1654 einen
1029 1593 1186 1657 Anderen
1215 1596 1318 1660 daran
1342 1600 1403 1662 wie
1428 1620 1470 1662 an

341 1708 460 1770 einem
471 1706 592 1770 Haken
606 1705 769 1789 (adunco)
782 1708 975 1788 aufhdngen
992 1709 1128 1778 kdnnte.
1146 1711 1190 1773 ist
1210 1713 1369 1776 stiirlrster
1386 1715 1470 1777 Aus-

341 1821 451 1886 druck
470 1821 530 1885 der
540 1822 715 1900 Hoffahrt3
736 1823 858 1887 ebenso
875 1824 981 1885 hcisst
994 1844 1028 1886 es
1043 1823 1109 1888 Sat.
1123 1826 1164 1888 Π.
1179 1828 1208 1894 8,
1224 1829 1285 1892 64:
1307 1828 1471 1894 «Balatro

340 1937 557 2022 suspendens
587 1938 704 2003 (11111111
731 1957 851 2004 auso».
881 1938 929 2003 Of.
960 1941 1062 2002 etiam
1090 1940 1169 2005 Hor.
1199 1939 1259 2023 Ep.
1290 1944 1314 2006 I.
1340 1946 1387 2013 19.
1409 1946 1471 2008 45:

347 2054 510 2118 «naribus
528 2055 611 2118 uti».

400 2168 440 2232 V.
455 2170 597 2233 tlt—43.
615 2168 672 2233 Aa
688 2171 760 2247 1111,
779 2170 839 2254 qui
854 2170 938 2235 celle
952 2153 1081 2236 rccuset
1101 2169 1146 2235 Os
1156 2173 1279 2256 populi
1294 2175 1471 2238 meruisse.

341 2286 400 2347 An
422 2285 485 2347 erit
505 2285 690 2367 quisquam,
712 2287 768 2367 qui
787 2285 873 2349 nolit
897 2287 1101 2350 carminibus
1127 2308 1282 2362 emerere,
1302 2291 1395 2352 utin
1415 2310 1473 2352 ore

342 2401 466 2483 populi
484 2402 661 2464 111111-
679 2401 760 2466 celle
780 2404 920 2483 recuset,
940 2403 1059 2465 fortius
1080 2402 1206 2466 dictum
1224 2424 1284 2484 pro
1304 2403 1471 2468 rictrudi:

343 2516 402 2580 VL
428 2517 577 2581 15-1c:
601 2538 723 2599 «usque
743 2537 892 2600 recusem
912 2516 1039 2582 Curvus
1056 2518 1097 2581 ob
1113 2518 1148 2581 id
1163 2520 1272 2582 minui
1289 2521 1414 2584 senio».
1429 2557 1471 2563 »-

345 2651 383 2695 os
400 2632 536 2714 populi,
556 2635 595 2696 cf.
617 2633 872 2696 celeberrimum
896 2633 999 2696 Ennii
1028 2634 1153 2697 dictum
1182 2633 1272 2715 apud
1290 2633 1355 2698 Cic.
1376 2635 1471 2698 Tusc.

343 2748 442 2831 Disp.
464 2749 489 2812 I.
514 2750 563 2823 15,
586 2750 646 2814 34:
672 2751 792 2814 «volito
811 2751 906 2813 virus
925 2771 987 2832 per
1016 2771 1074 2813 ora
1101 2751 1242 2825 virum»,
1264 2750 1472 2832 quodetiam

344 2863 518 2944 Vergilius
537 2865 689 2929 imitatus
710 2870 760 2928 est
780 2865 838 2930 Ge.
859 2866 916 2929 ΠΙ.
939 2867 1045 2931 8--92
1079 2865 1302 2946 «Temptanda
1329 2868 1383 2929 via
1412 2870 1470 2940 est,

347 2999 416 3061 qua
434 2999 491 3041 me
510 3000 640 3061 quoque
659 2983 786 3062 possim
805 2981 933 3046 Tollere
953 2982 1056 3045 humo
1075 2983 1244 3063 victorque
1262 2982 1372 3045 virum
1390 2981 1473 3044 voli-

346 3101 422 3158 tare
438 3115 501 3176 per
519 3116 607 3159 ora».
628 3134 672 3140 —
689 3097 865 3175 meruisse,
889 3098 948 3161 inf.
969 3100 1052 3179 perf.
1073 3118 1133 3178 pro
1153 3098 1212 3160 inf.
1232 3117 1328 3179 praes.
1350 3098 1472 3177 saepius

348 3213 496 3274 occurrit
514 3211 603 3293 apud
618 3212 778 3288 Persium,
799 3216 837 3276 ut
856 3214 880 3277 l.
902 3215 954 3287 91,
978 3214 1059 3291 1323
1080 3214 1121 3276 Π.
1144 3215 1185 3277 66
1197 3239 1204 3290 ;
1225 3212 1277 3277 IV.
1299 3215 1328 3277 7.
1353 3214 1413 3291 17;
1434 3212 1471 3275 V.

349 3328 403 3401 024,
426 3328 489 3404 333
509 3327 563 3391 VJ.
586 3329 614 3402 3,
639 3329 688 3403 17,
710 3331 762 3394 77.
782 3366 826 3373 -
846 3328 945 3393 cedro
974 3326 1081 3415 1119111
1103 3330 1245 3409 locatur,
1274 3330 1368 3391 cuius
1397 3326 1473 3390 libri

349 3442 445 3524 digni
475 3448 562 3518 sunt,
593 3444 650 3526 qui
679 3443 751 3507 oleo
781 3444 916 3510 cedrino
944 3445 1153 3526 inungantur
1172 3447 1205 3506 et
1224 3446 1470 3507 conserventur.

350 3558 398 3623 cf.
419 3559 504 3622 Hor.
533 3560 570 3621 A.
600 3559 634 3623 P.
657 3559 851 3624 331—3322
876 3579 1068 3641 «speramus
1097 3561 1245 3623 carmina
1271 3558 1353 3639 fingi
1372 3557 1474 3619 Posse

350 3673 492 3738 linenda
510 3674 637 3737 cedro.»
659 3674 709 3737 De
729 3674 802 3737 oleo
822 3674 956 3738 cedrino
975 3675 1050 3739 vide
1062 3675 1188 3739 Vitruv.
1209 3676 1250 3737 H.
1272 3677 1301 3747 9,
1326 3673 1384 3736 13:
1409 3671 1475 3733 «Ex

351 3789 451 3854 cedro
468 3792 590 3865 oleum,
604 3789 692 3873 quod
704 3790 852 3854 cedrium
869 3790 998 3867 dicitur,
1016 3792 1174 3866 nascitur,
1192 3811 1256 3872 quo
1273 3790 1408 3870 reliquae
1421 3808 1475 3850 res

350 3926 429 3970 cum
449 3907 518 3970 sint
536 3911 654 3982 unctas,
671 3909 723 3971 uti
742 3909 844 3971 etiam
862 3908 949 3982 libri,
972 3927 992 3969 a
1011 3909 1112 3970 tineis
1133 3911 1165 3969 et
1185 3927 1203 3969 a
1223 3907 1310 3968 carie
1330 3925 1400 3967 non
1419 3904 1475 3966 lac-

351 4022 510 4087 duntur».
530 4060 574 4067 —
593 4043 654 4088 1111
672 4024 847 4089 scombros
874 4023 1064 4089 metuentia
1092 4022 1412 4097 111111111111111111,
1433 4022 1471 4083 cf.

353 4139 502 4204 scholia:
535 4140 632 4219 «Quae
661 4142 810 4204 carmina
837 4140 969 4204 nullum
997 4140 1182 4220 periculum
1211 4138 1358 4201 habeant
1386 4135 1474 4217 apud

354 4258 628 4321 salsamentarios
648 4262 680 4320 et
699 4257 875 4321 turarios».
896 4256 988 4319 Libri
1001 4256 1091 4318 enim
1107 4258 1282 4337 poetarum
1298 4253 1472 4325 malorum,

355 4374 411 4455 qui
429 4372 531 4437 vendi
546 4394 616 4436 non
631 4377 795 4455 poterant,
817 4393 837 4435 a
854 4372 1046 4453 bibliopolis
1064 4371 1101 4433 in
1119 4370 1274 4434 tabernas
1287 4366 1477 4448 migrabant

356 4491 696 4564 salsamentariorum
718 4491 774 4571 qui
793 4508 920 4551 merces
938 4508 1015 4551 suas
1032 4487 1155 4549 chartis
1171 4482 1393 4547 involvebant.
1415 4478 1476 4543 (le-
