3917 5475
765 681 912 726 sarmul.
930 678 1088 725 man-130.
1436 663 1487 714 119

365 860 594 924 inflammetur·
628 858 739 921 satiris
765 858 859 919 meis.
890 893 935 900 —-
964 855 1045 921 Non
1076 855 1138 934 tic,
1173 857 1233 940 qui
1264 858 1299 922 in
1331 859 1486 942 crepidae

371 974 562 1044 Graiorum
594 971 708 1037 ludere
738 973 840 1057 gestit
866 969 1046 1048 Sordidae,
1075 993 1144 1035 non
1175 973 1252 1036 talis
1278 974 1383 1037 lector
1411 997 1486 1038 mea

365 1090 491 1170 scripta
508 1089 607 1170 legat.
629 1089 685 1170 qui
706 1089 907 1168 elegantiam
931 1087 1066 1150 habitus
1091 1087 1280 1152 Graecorum
1299 1089 1412 1170 inepte
1431 1091 1487 1154 de-

365 1205 461 1271 ridet.
483 1225 560 1266 cum
587 1205 659 1284 ipse
691 1203 844 1267 sordidus
875 1204 927 1267 sit
961 1202 1152 1267 Graecorum
1182 1203 1324 1272 habitus.
1357 1209 1395 1267 ut
1418 1207 1487 1268 viro

365 1340 488 1401 parum
507 1318 638 1399 dignus.
660 1319 830 1399 despectui
860 1322 931 1381 erat
949 1317 1111 1381 Romanis
1129 1319 1229 1381 etiam
1248 1319 1487 1401 imperatorum

365 1435 585 1515 temporibus,
617 1434 663 1497 ef.
697 1455 768 1516 quae
799 1432 980 1499 Suetonius
1000 1433 1080 1497 dicit
1099 1433 1139 1496 de
1158 1434 1288 1498 Tiberio
1307 1435 1415 1498 Rhodi
1436 1457 1488 1498 ex-

366 1549 503 1612 sulante
522 1548 602 1627 (Tib.
628 1550 707 1628 13.):
742 1548 844 1631 «Equi
872 1569 1004 1631 quoque
1024 1553 1057 1612 et
1075 1570 1244 1612 armorum
1265 1549 1379 1613 solitas
1400 1571 1489 1612 exer-

365 1665 547 1727 citationes
568 1665 682 1728 omisit
700 1664 893 1746 redegitque
914 1685 958 1733 se.
979 1664 1132 1745 deposito
1151 1665 1260 1746 patrio
1288 1664 1414 1737 habitu,
1444 1664 1489 1729 ad

361 1779 518 1863 palliam
539 1782 569 1843 et
592 1778 759 1864 crepidas,
776 1783 875 1862 atque
893 1780 931 1842 in
949 1780 1010 1843 tali
1030 1780 1146 1844 habitu
1168 1779 1305 1842 biennio
1329 1781 1398 1842 fere
1417 1799 1490 1860 per-

365 1895 504 1963 mansit,
535 1893 759 1978 coatemptior
785 1894 823 1957 iu
852 1893 925 1959 dies
944 1897 976 1960 ei
995 1895 1151 1975 divisior,
1170 1893 1252 1958 adeo
1272 1899 1310 1957 ut
1327 1895 1490 1976 imagines

368 2012 443 2073 eius
475 2014 508 2072 et
538 2013 665 2072 statuas
695 2009 941 2074 Nemausenses
972 2012 1221 2092 perverterint.»
1253 2048 1297 2054 —
1324 2009 1491 2094 crepidae,

366 2130 491 2213 κρηπίς,
513 2124 665 2190 Graecum
684 2126 902 2189 calceamenti
922 2147 1036 2207 genus.
1057 2147 1117 2208 pro
1137 2130 1207 2191 toto
1227 2126 1417 2192 Graecorum
1433 2126 1491 2188 ha-

367 2243 443 2305 bitu
462 2240 609 2322 ponitur.
630 2239 774 2303 Romani
794 2241 883 2304 enim
896 2243 1077 2306 utebantur
1091 2244 1177 2324 togis
1196 2246 1228 2304 et
1243 2242 1371 2311 calceis.
1387 2239 1492 2305 Graeci

368 2357 485 2439 palliis
506 2360 540 2418 et
566 2354 718 2436 crepidis.
739 2393 784 2400 —-
803 2354 918 2422 ludere
945 2359 982 2421 in
1013 2358 1138 2440 aliquid
1166 2379 1245 2439 pro:
1273 2356 1414 2420 illudere
1433 2356 1492 2419 ali-

370 2473 461 2556 quid.
482 2509 528 2516 —
546 2468 716 2548 sordidas,
737 2473 847 2541 homo,
866 2473 922 2554 qui
936 2474 1186 2554 simplicitatem
1205 2476 1354 2535 veterum
1373 2471 1493 2534 Roma·

370 2609 494 2652 norum
518 2587 633 2668 inepte
662 2586 802 2650 imitans
829 2608 964 2650 omnem
994 2589 1194 2651 munditiem
1223 2587 1305 2650 adeo
1332 2587 1424 2654 vitat.
1457 2591 1494 2648 ut

370 2724 469 2786 paene
502 2701 654 2766 sordidus
683 2702 735 2771 sit.
760 2705 1011 2787 contemnitque
1043 2704 1156 2770 Graeca
1187 2704 1308 2767 omnia.
1345 2701 1495 2765 Fuerunt

373 2822 465 2884 enim
485 2819 600 2883 Romae
624 2819 725 2881 etiam
753 2819 858 2882 Persii
886 2824 984 2883 aetate
1012 2821 1166 2884 homines
1196 2820 1331 2887 indocti.
1362 2819 1427 2900 qui.
1458 2821 1496 2880 ut

373 2938 459 3001 alter
476 2937 537 3000 ille
554 2935 688 2998 Bestius
706 2934 760 2998 VI.
783 2936 834 2999 37.
852 2940 1141 3003 commemoratus.
1162 2938 1199 2998 in
1219 2935 1341 3000 Graecis
1361 2955 1494 3015 corrup·

373 3058 464 3119 tores
484 3056 616 3115 tantum
634 3050 790 3116 viderunt
808 3052 925 3133 populi
944 3051 1096 3124 Romani,
1118 3072 1201 3133 quos
1220 3054 1327 3131 poeta.
1349 3049 1495 3129 philoso-

374 3172 462 3253 phiae
485 3169 605 3234 Graecae
626 3168 815 3243 admirator,
832 3167 929 3231 valde
944 3167 1104 3248 despexit.
1122 3204 1166 3211 —-
1182 3170 1212 3231 et
1232 3167 1323 3229 lusco
1340 3163 1400 3247 qui
1412 3182 1495 3247 pos-

374 3286 417 3351 sa
444 3285 574 3350 dicere:
604 3286 707 3365 tusce,
738 3284 830 3346 omni
859 3303 960 3346 sensu
989 3283 1122 3346 honesti
1153 3282 1331 3347 destitutus
1356 3283 1414 3350 est,
1440 3278 1496 3359 qui

376 3402 473 3465 alteri
494 3401 647 3464 naturale
666 3400 785 3463 vitium
806 3399 928 3462 obiicit.

429 3517 466 3582 V.
503 3516 686 3581 lea—130.
713 3513 826 3598 Seque
854 3515 1007 3599 aliquem
1035 3510 1173 3577 credens
1202 3516 1261 3574 etc.
1275 3534 1282 3586 ;
1315 3514 1348 3572 et
1377 3509 1433 3591 qui
1463 3528 1498 3573 se

376 3652 540 3714 magnum
558 3633 667 3696 virum
695 3651 767 3694 esse
795 3630 908 3698 credit.
939 3631 1017 3711 quia
1045 3630 1081 3692 in
1109 3648 1210 3710 parvo
1230 3625 1374 3708 quodam
1393 3624 1497 3687 Italiae

377 3749 563 3829 municipio
595 3747 700 3810 aedilis
730 3748 838 3809 factus
867 3750 925 3809 est.
946 3782 992 3789 —
1011 3744 1172 3827 aliquem,
1201 3742 1239 3804 cl.
1271 3739 1335 3803 Cic.
1366 3737 1408 3801 ad
1431 3739 1496 3801 Att.

377 3868 435 3932 m
461 3868 510 3937 15,
532 3868 572 3930 8:
597 3884 734 3946 «meque
751 3863 836 3926 velis
856 3882 928 3924 esse
948 3859 1117 3944 aliquem»
1134 3879 1146 3938 ,·
1163 3857 1236 3920 Juv.
1257 3855 1281 3917 Ι.
1303 3854 1454 3919 73--742

499 4034 587 4094 Aude
611 4031 726 4108 aliquid
747 4030 888 4090 brevibus
911 4027 1024 4103 Gyaris
1046 4029 1077 4083 et
1098 4041 1219 4083 carcere
1242 4020 1380 4095 dignum,

501 4151 535 4210 Si
554 4152 602 4208 vis
623 4166 688 4206 esse
710 4148 841 4223 aliquid

383 4343 544 4409 Similiter
563 4339 704 4402 dicimus
731 4334 942 4416 Hungarice:
975 4334 1048 4393 «aut
1075 4328 1169 4398 hisui,
1199 4326 1287 4407 hogy
1307 4326 1326 4387 6
1346 4324 1418 4385 mar
1436 4339 1499 4385 va·

384 4460 486 4540 lati»,
506 4454 723 4522 Germanice:
752 4472 806 4513 «er
829 4450 945 4531 glaubt
968 4450 1071 4511 etwas
1094 4464 1136 4507 au
1161 4442 1264 4506 sein».
1285 4477 1329 4483 —
1349 4435 1499 4502 Itale...
