3917 5475
461 660 510 714 188
862 680 972 724 samm
987 681 1036 726 111.
1056 678 1178 726 73-7s

457 879 537 922 nem
547 859 730 922 utilitatem
746 860 868 922 nostrae
886 861 1150 938 anteponamus»
1156 881 1164 933 ;
1184 858 1262 922 ibid.
1280 858 1333 923 Π.
1349 861 1377 934 3,
1399 862 1438 924 7:
1462 860 1579 924 «blun-

458 973 538 1037 dum
557 974 647 1036 hunc
666 994 801 1037 omnem
821 973 982 1055 oppidum
1012 993 1084 1036 esse
1112 977 1294 1037 nostrum.»
1317 1012 1362 1018 —
1380 973 1474 1050 (leus,
1496 975 1578 1039 deus

459 1089 656 1162 Stoicorum,
678 1109 828 1152 summus
848 1089 965 1152 mundi
985 1092 1111 1163 rect0r3
1142 1091 1181 1153 ef.
1212 1088 1276 1153 Cio.
1306 1089 1356 1152 De
1386 1090 1442 1154 fin.
1471 1090 1525 1154 Π.
1547 1092 1577 1156 5.

462 1207 520 1270 11:
545 1204 649 1283 «Quid
669 1205 712 1268 sit
732 1205 855 1268 summi
875 1206 1012 1268 rectoris
1031 1224 1070 1267 ao
1088 1204 1217 1267 domini
1235 1226 1372 1280 numen,
1394 1205 1482 1287 quod
1500 1225 1578 1268 oon-

459 1322 581 1395 silium,
603 1341 674 1402 quae
692 1322 869 1385 voluntas:
890 1322 984 1385 cuius
1004 1319 1046 1384 ad
1063 1323 1219 1383 naturam
1235 1324 1314 1401 apta
1329 1322 1414 1384 ratio
1430 1303 1509 1384 uera
1519 1321 1580 1383 illa

460 1441 492 1500 et
511 1455 643 1500 summa
657 1437 710 1500 lex
727 1457 745 1500 a
760 1437 973 1518 philosophis
992 1437 1141 1500 dieitur.»
1164 1473 1209 1480 —
1227 1435 1383 1501 huorono
1400 1487 1407 1500 .
1425 1487 1433 1500 .
1451 1488 1458 1501 .
1479 1437 1516 1500 ia
1531 1455 1580 1517 νο,

459 1556 497 1616 ut
525 1571 577 1615 res
605 1551 758 1615 Romana
786 1552 1027 1634 rempublicam
1054 1551 1251 1627 Romanam,
1274 1553 1320 1617 ita
1344 1553 1406 1616 hoc
1429 1553 1501 1616 loco
1526 1574 1579 1616 res

459 1670 607 1732 humana
635 1667 875 1748 rempublicam
898 1669 1004 1730 totius
1028 1669 1160 1748 generis
1180 1668 1320 1731 humani
1341 1667 1515 1749 significat.
1535 1705 1581 1712 -

460 1803 530 1869 quo
551 1786 648 1867 purte
676 1783 803 1848 locatus
827 1802 870 1858 ce,
898 1783 1036 1865 supple:
1067 1784 1191 1858 ade03
1221 1804 1286 1865 quo
1310 1784 1394 1859 loce,
1420 1785 1515 1865 quasi
1542 1785 1579 1847 in

460 1901 614 1974 statione,
639 1900 769 1983 positus
795 1901 840 1962 sis
864 1921 883 1962 a
907 1901 967 1962 deo
992 1900 1029 1962 in
1053 1900 1225 1981 republica
1249 1900 1407 1973 humana,
1433 1901 1512 1981 quid
1537 1901 1580 1962 sit

460 2015 606 2081 officium
625 2019 721 2081 tuum
740 2016 775 2078 in
797 2036 844 2078 ea.
864 2015 976 2078 Etiam
989 2017 1052 2078 hoc
1067 2016 1141 2078 loeo
1156 2013 1284 2079 Stoicos
1298 2017 1448 2097 sequitur
1458 2019 1561 2097 poeta
1570 1993 1602 2090 3⁰

459 2135 498 2195 cf.
519 2132 625 2215 Epict.
655 2131 679 2195 I.
701 2134 730 2206 9,
755 2132 813 2196 16:
835 2129 1016 2217 ἀνάσχεσθε
1042 2129 1228 2204 ἐνοικοῦντες
1256 2133 1367 2216 ταύτην
1385 2134 1439 2216 τὴν
1463 2135 1578 2216 χώραν,

459 2246 504 2321 εἰς
524 2249 561 2334 ἣν
582 2247 697 2320 dasiro<
718 2249 772 2325 (sc.
793 2245 810 2312 ὁ
830 2248 918 2326 θεός)
938 2243 1017 2334 ὑμᾶς
1047 2250 1176 2336 ἔταξεν·
1202 2246 1303 2311 Marc.
1332 2247 1411 2309 Aur.
1440 2246 1497 2310 XL
1521 2248 1579 2310 13:

460 2363 495 2429 ob
515 2365 593 2450 δέχῃ
612 2369 647 2428 τὸ
666 2371 716 2428 νῦν
734 2375 771 2449 τῇ
791 2375 849 2428 τῶν
867 2363 946 2430 ὅλων
967 2367 1057 2453 φύσει
1073 2360 1225 2447 εὔκαιρον,
1244 2361 1407 2446 ἄνθρωπος
1428 2366 1580 2448 τεταγμέ-

460 2506 512 2552 νος
531 2484 607 2563 πρὸς
626 2486 660 2544 τὸ
678 2481 825 2561 γενέσθαι
845 2479 882 2542 δι’
903 2479 973 2545 droa
994 2480 1032 2566 δὴ
1051 2485 1086 2544 τὸ
1105 2489 1191 2564 κοινῇ
1209 2484 1373 2567 συμφέρον.

512 2597 550 2662 V.
571 2597 712 2660 73-76.
725 2595 837 2678 Disce,
851 2614 910 2659 racc
928 2594 1082 2661 invideas
1107 2601 1187 2671 etc.;
1213 2595 1303 2658 disce
1330 2595 1582 2676 philosophiam

460 2733 568 2795 neque
588 2712 730 2777 aliorum
749 2713 881 2778 divitias
900 2712 1051 2779 invideas
1062 2736 1070 2789 ;
1089 2705 1305 2794 philosophia
1325 2714 1423 2789 enim,
1444 2733 1581 2795 praeser-

460 2830 521 2891 tim
539 2827 658 2899 Stoica,
673 2830 769 2893 docet
785 2830 917 2894 divitias
936 2850 1006 2892 non
1024 2850 1096 2892 esse
1112 2829 1261 2892 inbonis
1278 2830 1495 2911 animumque
1506 2850 1581 2911 per-

460 2946 707 3009 turbationibus
726 2949 776 3025 (τά
795 2948 904 3033 πάθη),
923 2946 1044 3027 quibus
1065 2946 1166 3008 etiam
1184 2944 1312 3008 invidia
1331 2920 1583 3009 adnumeranda

463 3063 521 3134 est,
542 3060 671 3125 liberat.
700 3060 747 3126 Cf.
768 3062 849 3126 Hor.
870 3062 930 3142 Ep.
951 3061 976 3124 Ι.
998 3062 1027 3135 l,
1050 3062 1202 3124 34-37:
1231 3064 1282 3123 «et
1300 3061 1337 3123 ni
1356 3060 1475 3124 Posses
1504 3064 1582 3124 ante

463 3175 552 3239 diem
570 3176 694 3240 librum
714 3198 790 3240 oum
808 3178 946 3251 lumine,
969 3178 998 3240 si
1015 3197 1086 3240 non
1105 3176 1264 3239 Intendes
1292 3177 1443 3241 animum
1462 3176 1582 3241 studiis

462 3296 495 3355 et
513 3292 611 3355 rebus
631 3294 791 3369 honestis,
812 3290 950 3357 Invidia
968 3293 1022 3356 vel
1051 3313 1164 3355 amore
1192 3293 1273 3374 vigil
1290 3293 1515 3374 torquebere.»
1538 3330 1584 3337 -

461 3407 573 3473 oculte
591 3408 718 3492 fidelia,
738 3412 777 3473 cf.
799 3409 1053 3473 adnotationem
1077 3429 1179 3491 supra
1208 3410 1248 3472 ad
1275 3431 1322 3473 vs.
1344 3411 1395 3473 2⁶2.
1416 3446 1461 3453 —-
1477 3413 1584 3493 puter,

461 3524 539 3605 quia
563 3523 686 3587 cibaria
714 3525 750 3586 in
777 3523 898 3587 fideliis
917 3527 1054 3606 propter
1083 3546 1241 3606 magnam
1272 3527 1402 3607 copiam
1430 3526 1582 3589 consumi

462 3660 531 3702 non
550 3643 692 3719 possunt
713 3643 746 3701 et
764 3640 832 3702 iam
858 3643 1049 3721 putrescere
1073 3642 1258 3723 incipiunt3
1289 3644 1327 3705 of.
1348 3642 1429 3706 Hor.
1452 3640 1518 3706 Sat.
1539 3641 1580 3703 Il.

462 3756 491 3823 4.
514 3756 662 3819 65-66ε

603 3885 692 3957 Quod
712 3887 821 3962 pingui
842 3888 970 3947 miscere
993 3906 1079 3947 mero
1101 3890 1262 3964 muriaque
1284 3888 1403 3948 decebit

602 4002 672 4060 Non
694 4002 763 4072 alia,
787 4021 878 4078 quam
900 4022 959 4079 qua
979 4003 1132 4080 Byzantia
1149 4006 1259 4079 *putuit
1281 4023 1360 4064 orca.

462 4254 506 4262 κ
524 4216 562 4279 ia
583 4216 744 4312 locuplete
762 4237 858 4301 perca
876 4218 1026 4303 defensis
1049 4217 1241 4303 pinpuibos
1276 4217 1427 4300 Umbris,
1445 4220 1481 4281 in
1500 4220 1584 4282 cella

462 4333 601 4411 penaria
620 4333 779 4396 causidici
796 4334 978 4409 cuiusdam,
998 4334 1054 4415 qui
1071 4334 1284 4397 salientibus
1303 4335 1410 4398 multa
1427 4335 1515 4398 dona
1531 4354 1583 4398 ac-

463 4448 572 4529 cipere
601 4450 694 4512 solet.
724 4487 769 4494 -
796 4448 1020 4534 deformia...
1056 4447 1200 4525 Umbria,
1222 4471 1305 4531 quos
1333 4451 1519 4515 causidicus
1548 4452 1584 4514 in
