3917 5475
780 613 889 702 sirius
904 635 927 676 1.
941 632 1064 680 11-95,
1447 622 1481 674 99

366 807 512 887 partium,
534 805 622 888 quod
641 808 785 869 maxime
804 807 841 870 fit
860 810 995 872 caesuris
1012 815 1087 893 apte
1104 811 1284 896 dispositis,
1307 814 1481 882 Sententia

365 923 460 1001 igitur
477 923 724 985 interlocutoria
744 927 850 1004 poetae
865 925 958 988 illius
977 929 1137 1007 temporis
1156 931 1311 994 meliores
1330 933 1481 998 fecerunt
1531 1003 1535 1020 ι

363 1057 481 1111 versus,
503 1058 603 1119 quam
626 1041 764 1119 priores.
785 1076 829 1083 —
847 1039 1108 1121 mediaremus
1132 1049 1308 1124 poetarum
1330 1052 1481 1131 priorum

363 1155 505 1234 appessat
527 1155 746 1228 interlocutor
773 1155 909 1238 credor,
929 1157 964 1220 id
988 1161 1056 1222 est:
1086 1160 1158 1222 sine
1183 1167 1252 1224 arte
1274 1165 1386 1239 factos,
1408 1167 1479 1248 qui-

361 1270 420 1332 bus
438 1271 639 1334 recentiores
659 1271 849 1335 addiderint
867 1272 1020 1336 decorem
1041 1278 1073 1336 et
1091 1275 1290 1341 iuncturam.
1304 1316 1349 1324 —-
1369 1277 1477 1346 Cluu-

359 1383 434 1451 dcre
464 1386 514 1451 sic
543 1406 680 1451 uersum
712 1393 771 1452 etc.
803 1389 1027 1453 interlocutor
1060 1398 1298 1457 commemorat
1331 1398 1479 1461 carmina

359 1503 535 1582 aequalium
565 1507 742 1584 poetarum
771 1505 844 1578 tria,
877 1506 1008 1568 curiosa
1038 1527 1196 1570 versuum
1226 1484 1479 1590 pangendorum

358 1622 426 1680 arte
444 1619 594 1699 insignia
614 1640 718 1700 eoque
738 1625 888 1704 tempore
904 1622 1090 1696 notissima,
1111 1622 1208 1685 nobis
1234 1624 1358 1704 ignota.
1388 1626 1479 1690 'Pitu-

357 1736 405 1797 los
423 1736 517 1816 ipsos
534 1737 720 1799 carminum
740 1757 809 1800 non
834 1736 934 1811 addit,
957 1737 1016 1801 sad
1043 1739 1143 1800 verba
1170 1741 1335 1802 nonnulla
1353 1742 1479 1822 profert

356 1872 393 1913 11
412 1850 618 1914 carminibus
637 1853 705 1914 illis
726 1852 931 1934 deprompta,
953 1853 1042 1916 unde
1066 1854 1205 1918 lectores
1234 1857 1386 1936 aequales,
1407 1859 1478 1939 qui-

355 1966 414 2029 bus
433 1969 508 2030 noti
529 1972 625 2030 erant
643 1969 734 2031 illius
754 1969 915 2051 temporis
938 1972 1054 2050 poetro,
1076 1971 1189 2032 statim
1208 1971 1401 2052 intellegere
1420 1993 1478 2055 po-

354 2087 500 2157 tuerunt,
523 2082 643 2164 quibus
663 2083 703 2145 de
723 2083 927 2146 carminibus
947 2088 1109 2165 ageretur.
1131 2085 1483 2162 (11111111193-95,

252 2225 255 2229 ·
353 2201 399 2263 ita
418 2204 501 2265 sunt
516 2198 783 2281 interpretandi:
813 2198 970 2261 «Versum
991 2219 1189 2281 componere
1210 2203 1256 2264 sio
1275 2200 1391 2265 didicit
1405 2223 1478 2274 ,car-

352 2337 430 2378 men
449 2315 545 2382 illud.
566 2317 624 2379 ubi
643 2315 803 2379 occurrit:
824 2312 1049 2399 Berecyntios
1069 2314 1170 2395 Attia,
1191 2322 1224 2379 et
1242 2318 1334 2392 illud,
1356 2319 1413 2381 ubi
1431 2321 1477 2382 le-

351 2435 459 2514 gitur:
480 2432 542 2519 qui
562 2432 744 2496 caeruleum
764 2428 950 2495 dirimebat
969 2427 1085 2496 Nerea·
1101 2428 1261 2514 delpdia;
1280 2435 1325 2496 sic
1344 2455 1477 2497 versum

350 2571 554 2632 componere
573 2548 689 2611 didicit
709 2548 810 2610 etiam
838 2547 930 2620 illud,
952 2547 1010 2610 ubi
1038 2549 1199 2628 legimus:
1228 2552 1355 2614 costam
1376 2550 1476 2636 11190

349 2665 584 2732 accbduccimcca
603 2662 817 2749 Apennino».
839 2663 1001 2727 Similiter
1023 2669 1261 2728 commemorat
1287 2666 1388 2728 Ennii
1407 2665 1476 2728 Me·

349 2784 448 2847 deam
479 2782 594 2847 Cicero
618 2781 667 2844 De
686 2780 733 2843 fin
753 2781 777 2842 Ι.
800 2781 829 2852 i,
851 2780 889 2844 5:
915 2781 1018 2844 «Aut:
1056 2776 1194 2845 Uticam
1213 2801 1255 2845 oe
1274 2781 1311 2845 io
1330 2800 1477 2861 cremore,
1594 2810 1603 2823 ·

348 2902 458 2965 nihilo
478 2899 593 2962 minus
612 2898 763 2977 legimus.
785 2916 886 2978 quam
904 2896 967 2958 hoc
986 2895 1076 2959 idern
1096 2895 1278 2972 Graecum»,
1292 2897 1350 2960 ubi
1368 2897 1476 2962 dicare

347 3018 513 3082 debebat:
538 3012 772 3093 «Tragoediam,
790 3012 848 3075 ubi
867 3012 1007 3093 legitur:
1034 3008 1173 3078 Uticam
1192 3032 1234 3077 aa
1253 3014 1289 3077 io
1307 3032 1475 3079 rwrrrore».

348 3132 446 3213 Quod
475 3135 590 3194 autem
618 3128 767 3190 carmina
794 3128 877 3208 ipsa,
902 3148 972 3190 non
999 3131 1105 3208 poetae
1136 3130 1331 3203 carminum,
1361 3149 1476 3192 versus

347 3268 553 3331 componere
572 3245 728 3308 didicisse
749 3243 914 3317 dicuntur,
935 3243 1075 3307 minime
1099 3264 1161 3306 nos
1182 3242 1477 3325 offendarepotest

346 3364 439 3447 apud
459 3362 622 3434 Persium,
641 3361 698 3442 qui
717 3360 804 3421 infra
823 3379 887 3421 vss.
911 3359 1095 3433 rot-106.
1117 3360 1265 3448 carmina
1286 3357 1429 3441 (Maedds
1448 3362 1477 3424 ei

347 3480 454 3563 Acris)
488 3480 641 3562 pluteum
677 3496 746 3538 non
775 3475 898 3538 caedere
927 3476 1080 3549 affirmat,
1112 3477 1170 3538 ubi
1198 3476 1306 3537 dicere
1337 3474 1477 3537 debebat

345 3600 550 3679 scriptorem
563 3595 682 3656 talium
702 3591 888 3654 carminum
907 3592 1061 3673 pluteum
1080 3612 1149 3683 non
1168 3590 1301 3653 caedere.
1315 3627 1359 3633 —-
1374 3586 1475 3653 Clau-

343 3714 427 3780 dere
446 3712 497 3777 sic
516 3729 653 3775 ceraton
673 3707 805 3789 didicit,
824 3709 886 3770 hoc
906 3710 978 3771 loco
1004 3726 1139 3803 croesum
1169 3703 1327 3770 (adcredere
1345 3725 1415 3767 non
1434 3705 1477 3767 ad

344 3832 478 3895 exitum
499 3828 609 3890 solum
628 3845 784 3888 versuum
806 3830 856 3887 est
883 3824 1106 3898 referendum,
1129 3822 1186 3886 sed
1215 3822 1256 3884 ad
1284 3822 1476 3884 universam

342 3966 467 4011 versus
486 3941 658 4025 pangendi
686 3944 801 4012 artem,
822 3940 977 4022 idemque
1007 3940 1180 4021 significat,
1202 3937 1310 4019 quod:
1339 3956 1476 4002 versum

342 4077 565 4145 componere,
585 4061 623 4120 ut
641 4056 731 4137 apud
749 4055 830 4119 Hor.
853 4054 918 4119 Sat.
937 4057 962 4119 1.
984 4057 1014 4129 4,
1035 4057 1097 4120 40:
1118 4051 1316 4119 concludere
1339 4072 1476 4118 uersum

343 4176 539 4259 significat:
568 4173 668 4235 verba
696 4171 836 4254 pedibus
856 4171 1041 4234 claudendo
1068 4190 1202 4233 vorsum
1230 4168 1378 4243 efficers;
1403 4170 1476 4250 ipse

342 4295 442 4371 enim
463 4290 625 4353 Horatius
645 4287 725 4350 dicit
744 4286 823 4349 alibi
852 4284 931 4365 (saa
953 4286 994 4351 IL
1018 4286 1045 4361 1,
1067 4288 1138 4363 issl:
1172 4305 1242 4349 «me
1261 4283 1401 4365 pedibus
1421 4281 1476 4344 de·

344 4411 454 4472 lactat
474 4405 628 4468 claudere
647 4403 789 4477 verba»;
810 4403 849 4465 ci.
872 4402 975 4463 etiam
997 4400 1077 4463 Hor.
1100 4400 1166 4465 Sat.
1187 4399 1211 4462 I.
1236 4399 1284 4472 10,
1307 4398 1367 4461 59:
1401 4417 1476 4478 rpe-

752 4517 754 4520 .
1371 4518 1404 4570 Ἠ
