3917 5475
395 1498 535 1581 VI'FA
566 1498 614 1580 Α
647 1496 852 1580 PERSH
883 1497 1098 1581 FLAOOI
1129 1498 1213 1579 DE
1246 1496 1521 1580 COMMEN-

468 1628 648 1712 TARIO
676 1629 861 1712 PROBI
888 1630 1133 1713 VALERII
1160 1628 1439 1715 SUBLATA.

453 1933 480 1997 1.
500 1933 608 1996 Aulus
620 1932 753 1996 Persius
771 1932 910 1996 Flaccus
929 1935 1030 1996 natus
1050 1936 1100 1996 est
1118 1932 1226 2013 pridie
1254 1952 1363 1997 nonas
1381 1932 1520 1997 Decem·

396 2050 465 2113 bris
483 2048 588 2113 Fabio
608 2048 740 2112 Persico
757 2048 794 2113 L
810 2047 946 2113 Vitellio
966 2052 1073 2115 cosa*
1086 2049 1236 2113 Decessit
1251 2048 1339 2113 VIH.
1359 2046 1520 2113 kalendas

398 2163 591 2228 Decembris
610 2163 645 2228 P.
665 2162 773 2226 Mario
793 2162 903 2225 Afinio
924 2161 1022 2227 Gallo
1043 2166 1172 2228 cossi*

452 2281 482 2343 2.
501 2280 607 2344 Natus
625 2280 663 2343 in
680 2271 814 2343 Etruria
825 2279 1017 2355 Volaterris‚
1038 2299 1138 2361 eques
1156 2279 1338 2353 Romanus,
1358 2279 1521 2360 sanguine

399 2400 431 2458 et
451 2394 613 2459 affinitate
632 2395 733 2477 primi
753 2393 881 2457 ordinis
908 2395 989 2459 viris
1010 2396 1218 2459 coniunctus.
1236 2394 1387 2457 Decessit
1406 2393 1448 2457 ad
1467 2413 1520 2458 oo-

397 2516 513 2574 tavum
532 2512 716 2574 miliarium
733 2512 788 2575 via
806 2511 916 2592 Appia
933 2511 970 2572 in
989 2510 1124 2593 praediis
1143 2511 1222 2574 suis.

451 2626 480 2691 3.
500 2626 600 2690 Pater
619 2646 696 2689 eum
714 2626 853 2689 Flaccus
880 2626 1049 2707 pupillum
1077 2626 1210 2706 reliquit
1239 2625 1386 2688 moriens
1416 2644 1521 2688 anno·

397 2764 473 2807 rum
492 2745 560 2806 fere
590 2763 655 2806 sex,
683 2743 802 2806 Fulvia
831 2740 987 2806 Sisennia
1014 2742 1131 2824 nupsit
1158 2745 1276 2822 postea
1294 2741 1396 2804 Fusio
1418 2742 1521 2822 equiti

396 2854 548 2922 Romano
570 2862 602 2921 et
622 2878 699 2922 eum
718 2877 849 2939 quoque
870 2858 986 2920 extulit
1005 2857 1094 2921 intra
1113 2872 1238 2940 paucos
1258 2876 1374 2920 annos.

450 2975 480 3037 4.
503 2970 638 3037 Studuit
656 2973 795 3036 Flaccus
813 2993 919 3053 usque
940 2971 981 3035 ad
1002 2993 1129 3035 annum
1148 2972 1220 3036 XII.
1241 2973 1348 3036 aetatis
1369 2993 1436 3036 suae
1455 2972 1520 3038 Vo-

397 3089 538 3162 laterris
559 3086 638 3150 inde
656 3087 770 3150 Romae
788 3086 876 3168 apud
889 3088 1145 3169 grammaticum
1156 3087 1348 3151 Remmium
1360 3087 1520 3152 Palaemo-

397 3223 477 3267 nem
497 3207 529 3265 et
548 3201 636 3284 apud
652 3203 822 3265 rhetorem
839 3202 1037 3283 Verginium
1056 3202 1205 3266 Flavum.

450 3318 479 3380 5.
501 3317 585 3380 Cum
605 3321 692 3381 esset
720 3337 887 3380 annorum
909 3317 1006 3392 XVI„
1029 3317 1176 3380 amicitia
1200 3319 1300 3399 coepit
1328 3317 1377 3380 uti
1400 3319 1521 3381 Annaei

397 3433 537 3497 Cornuti
554 3433 610 3505 ita,
632 3436 856 3512 utnusquam
875 3431 915 3494 ab
937 3451 975 3493 eo
996 3430 1188 3495 discederet.
1213 3431 1374 3496 Inductus
1394 3433 1519 3514 aliqua-

396 3553 496 3612 tenus
514 3549 551 3610 in
569 3548 820 3630 philosophiam
840 3552 899 3612 est.

450 3666 480 3728 6.
500 3664 634 3727 Amicos
654 3663 772 3726 habuit
791 3664 938 3746 aprima
962 3662 1190 3727 adulescentia
1214 3661 1358 3728 Gaesium
1376 3663 1520 3726 Bassum

396 3783 532 3862 poetam
553 3783 584 3841 et
596 3777 816 3862 Calpurnium
836 3777 1014 3853 staturam,
1034 3779 1091 3860 qui
1108 3780 1184 3842 vivo
1205 3799 1243 3841 eo
1259 3779 1391 3843 iuvenis
1408 3777 1519 3842 deces-

397 3895 448 3958 sit.
470 3892 581 3959 Goluit
605 3899 642 3957 ut
669 3898 799 3976 patrem
829 3892 1008 3957 Servilium
1036 3894 1238 3958 Nonianum.
1269 3894 1433 3975 Cognovit
1459 3914 1520 3976 per

396 4009 583 4075 Comutum
603 4011 705 4073 etiam
732 4011 897 4072 Annaeum
926 4009 1108 4083 Lucanum,
1130 4029 1312 4090 aequaevum
1332 4010 1519 4073 auditorem

395 4125 544 4191 Cornuti.
572 4121 672 4210 [Nam
700 4125 867 4190 Cornutus
895 4126 953 4188 illo
981 4129 1132 4207 tempore
1161 4126 1305 4207 tragicus
1334 4126 1397 4188 fuit
1421 4129 1518 4189 sectae

449 4418 465 4449 *
484 4416 519 4468 Id
539 4420 582 4467 est
601 4434 626 4468 a.
646 4416 689 4470 34.
707 4433 736 4483 p.
756 4416 822 4468 Ohr.
841 4433 871 4470 n.

430 4513 464 4548 *r
483 4514 519 4566 ru
538 4517 581 4564 est
601 4530 625 4566 a.
645 4512 688 4566 ea.
706 4531 735 4581 p.
754 4513 820 4565 our.
839 4531 868 4564 n.
939 4499 942 4504 ’
