3917 5475
810 643 920 686 SATIRA
935 642 983 686 ΠΙ.
1005 641 1090 686 7—9.

589 819 656 877 Iam
677 822 784 894 pastor
804 817 929 877 umbras
950 837 1020 877 curn
1041 837 1130 892 grege
1152 816 1296 893 languido

591 934 763 1010 Bivumque
786 935 883 993 fessus
907 936 1017 1010 quaerit
1038 937 1068 991 et
1089 933 1208 991 horridi

589 1052 723 1110 Dumeta
744 1051 881 1119 Silvani;

387 1285 482 1365 Verg.
503 1284 571 1347 Eul.
592 1285 634 1347 II.
657 1287 696 1349 8:
721 1285 833 1347 «Nune
862 1285 963 1346 etiam
988 1282 1132 1364 pecudes
1161 1282 1296 1345 umbras
1325 1286 1357 1344 et
1386 1283 1508 1362 frigore

387 1402 554 1480 reptant».
579 1438 624 1443 —
648 1397 742 1465 Urius
762 1399 811 1464 ait
830 1399 1003 1476 uomitum,
1023 1399 1085 1461 hoe
1114 1398 1187 1460 loeo
1208 1416 1315 1461 cuntes
1344 1397 1508 1477 signifieat

387 1520 634 1596 praeceptorem.
655 1516 770 1596 queles
793 1516 907 1596 plures
933 1514 1100 1577 habebant
1128 1515 1266 1576 iuvenes
1295 1513 1445 1587 nobiles;
1466 1513 1505 1574 ef.

386 1630 422 1693 V.
446 1631 506 1693 32:
533 1630 634 1694 «Cum
653 1631 768 1694 blandi
788 1632 966 1706 semitesr;
999 1630 1087 1695 Suet.
1118 1631 1186 1694 Tib.
1212 1632 1271 1693 tr:
1305 1629 1454 1692 «comitis
1475 1631 1507 1691 et

386 1746 524 1808 rectoris
544 1747 648 1809 eius».
669 1746 756 1827 Ergo
775 1747 864 1809 inter
883 1748 1022 1809 comites
1047 1748 1115 1809 sive
1135 1751 1354 1827 praeeeptores
1375 1745 1505 1807 iuvenis

384 1861 476 1923 illius
495 1860 654 1925 desidiosi
675 1866 745 1924 erut
763 1862 995 1944 philosophus,
1017 1864 1074 1943 qui
1093 1884 1155 1926 vss.
1180 1864 1273 1925 1—6.
1295 1861 1435 1943 loquens
1454 1861 1506 1922 in-

384 1977 524 2040 ducitur.

440 2092 477 2155 V.
499 2096 595 2157 7-9.
624 2090 820 2158 Verumuet
837 2091 942 2158 Itan?
965 2090 1068 2158 Ocius
1090 2091 1180 2158 arisit
1193 2087 1418 2174 Herculipuis
1440 2087 1503 2154 Ne·

383 2205 494 2272 neorii
519 2209 620 2271 verbs
647 2211 779 2272 iuvenis
810 2210 1078 2291 expergiscentis.
1107 2247 1151 2254 *-
1183 2206 1284 2272 Ocius
1312 2205 1401 2271 ude-it
1429 2205 1506 2271 Huc

385 2320 524 2406 uliquis,
545 2344 656 2386 servos
675 2329 780 2398 voest,
808 2329 845 2386 ut
872 2326 996 2387 auxilio
1026 2327 1093 2388 sint
1121 2325 1184 2388 sibi
1213 2346 1247 2386 se
1276 2323 1438 2386 induenti.
1459 2359 1503 2366 ——

382 2438 545 2506 sirmond
572 2441 734 2503 exclamat
762 2443 876 2515 iratus,
906 2462 982 2503 cum
1007 2462 1120 2504 servus
1149 2461 1218 2503 non
1249 2440 1362 2502 statim
1392 2459 1502 2500 aecur-

382 2559 433 2620 rit.
454 2595 498 2599 —
517 2556 679 2640 turpescit
696 2557 803 2621 vitrea
826 2555 915 2634 tilis,
927 2555 1136 2618 irseundism
1149 2555 1320 2636 significet.
1339 2591 1383 2598 —
1395 2551 1503 2617 vitree

383 2672 473 2754 bilis,
491 2670 589 2740 idem,
620 2671 708 2753 quod
737 2671 826 2753 apud
855 2672 1034 2734 Horatium
1063 2670 1140 2749 (Set.
1171 2671 1502 2751 H.3.141.t.quem

382 2790 514 2851 Persius
534 2790 597 2849 hoe
616 2789 689 2851 loeo
713 2769 873 2863 imitetur,
895 2786 1077 2872 splendida
1106 2788 1194 2852 bitis.
1226 2786 1408 2869 Splendida
1424 2785 1501 2847 bilis

382 2909 494 2968 sutem
515 2908 564 2967 est
583 2905 660 2967 bilis
688 2908 779 2979 atre3
800 2907 839 2967 ui.
862 2905 977 2969 Galen.
1002 2903 1038 2967 Π.
1061 2902 1118 2968 αἰτ.
1151 2927 1258 2990 nupsi.
1280 2902 1320 2965 Π.
1343 2904 1406 2966 50;
1436 2900 1500 2965 Μέ-

381 3022 473 3084 λαινα
491 3023 570 3107 χολὴ
592 3022 791 3104 στιλπνοτὲρα
811 3017 903 3084 αὐτοῦ
915 3030 967 3084 τοῦ
981 3018 1109 3105 αἵματος
1124 3014 1211 3084 οὖσα.
1228 3019 1401 3084 Sententia
1414 3019 1500 3081 snti-

381 3156 522 3217 quorum
542 3141 614 3198 utra
633 3136 710 3198 bilis
731 3141 781 3198 est
800 3157 900 3199 seusa
919 3138 1040 3199 furoris
1052 3161 1059 3211 ;
1090 3139 1128 3199 ef.
1155 3138 1261 3201 Plsut.
1282 3137 1402 3217 Amph.
1424 3137 1498 3199 W.

381 3249 420 3311 de
440 3251 649 3315 insaniente:
674 3256 764 3313 «stra
782 3252 843 3314 bili
861 3254 988 3333 percite
1013 3256 1094 3327 estu
1126 3252 1238 3316 Senes.
1270 3254 1330 3334 Ep.
1362 3253 1498 3319 9517:

384 3365 437 3429 «si
456 3368 530 3447 quis
550 3368 674 3429 furioso
695 3372 860 3449 praeeepts
879 3367 942 3436 det.
964 3368 1130 3449 quomodo
1158 3369 1251 3450 loqui
1270 3368 1397 3442 debeat,
1419 3387 1499 3448 quo-

379 3481 479 3545 modo
502 3482 690 3564 procedere,
717 3483 883 3565 quomedo
903 3484 940 3546 in
958 3484 1092 3565 publico
1123 3506 1156 3547 se
1186 3505 1308 3565 gerere,
1330 3483 1497 3566 quomodo

379 3600 416 3660 in
433 3598 573 3678 private,
596 3600 658 3661 erit
676 3600 760 3680 ipso⁴
781 3620 880 3681 quem
908 3601 1067 3669 monebit,
1096 3602 1267 3664 insanior:
1296 3601 1373 3664 bilis
1402 3601 1497 3680 nigra

378 3711 525 3775 curanda
545 3717 595 3775 est
615 3718 647 3776 et
664 3715 738 3795 ipse
756 3716 878 3778 furoris
898 3736 998 3778 eausa
1013 3716 1245 3779 removenda».
1268 3715 1331 3781 Sed
1350 3719 1400 3779 ira
1412 3718 1495 3798 ipss,

379 3849 444 3910 qus
462 3830 617 3891 iuvenem
638 3830 700 3892 hoe
718 3830 792 3893 loeo
812 3834 971 3895 concitari
999 3832 1159 3903 videmus,
1183 3839 1232 3897 est
1260 3854 1365 3915 genus
1394 3832 1496 3916 quod-

378 3944 454 4007 dam
475 3945 615 4019 furoris;
637 3946 675 4007 ei.
696 3945 776 4009 Hor.
806 3948 866 4029 Ep.
888 3948 912 4011 I.
934 3950 963 4016 2.
986 3950 1047 4013 sn:
1073 3950 1139 4035 «ira
1168 3953 1259 4014 furor
1286 3952 1394 4015 brevis
1425 3954 1491 4013 est»

378 4064 411 4123 et
430 4058 543 4123 Senes.
564 4060 613 4122 De
632 4061 682 4122 ira
699 4061 722 4124 I.
748 4064 783 4126 1:
809 4064 961 4145 squidem
980 4067 1092 4147 itaque
1123 4088 1160 4128 ex
1189 4068 1396 4148 sapientibus
1416 4070 1495 4131 viris

376 4178 461 4239 iram
481 4175 634 4239 dixerunt
646 4175 779 4240 brevem
793 4180 993 4243 insaniam».
1014 4219 1057 4224 -
1080 4180 1260 4263 «findor»,
1279 4186 1318 4247 ut
1337 4181 1495 4247 Arrudioe

371 4292 539 4376 pecuaris
551 4289 673 4357 rudere
686 4292 817 4376 erectae,
830 4297 967 4377 supple:
989 4298 1162 4367 «Findor»,
1183 4300 1345 4362 exclamet
1363 4300 1494 4362 iuvenis

375 4406 436 4469 tali
454 4427 544 4477 vose,
566 4412 603 4469 ut
621 4408 768 4471 Arcadiae
789 4412 902 4474 asinos
921 4412 1039 4475 rudere
1052 4414 1175 4477 eredes.
1251 4412 1392 4496 Findor,
1405 4436 1494 4479 rum-
1558 4458 1561 4464 ·
