<?xml version="1.0" encoding="UTF-8"?>
<!DOCTYPE html PUBLIC "-//W3C//DTD XHTML 1.0 Transitional//EN"
    "http://www.w3.org/TR/xhtml1/DTD/xhtml1-transitional.dtd">
<html xmlns="http://www.w3.org/1999/xhtml" xml:lang="en" lang="en">
 <head>
  <title>
</title>
<meta http-equiv="Content-Type" content="text/html;charset=utf-8" />
  <meta name='ocr-system' content='tesseract 3.04.00' />
  <meta name='ocr-capabilities' content='ocr_page ocr_carea ocr_par ocr_line ocrx_word'/>
</head>
<body>
  <div class='ocr_page' id='page_1' title='image "./satirae00persgoog_0157.png"; bbox 0 0 3917 5475; ppageno 0'>
   <div class='ocr_carea' id='block_1_1' title="bbox 795 664 1507 731">
    <p class='ocr_par' dir='ltr' id='par_1_1' title="bbox 795 664 1507 731">
     <span class='ocr_line' id='line_1_1' title="bbox 795 664 1507 731; baseline 0.001 -3"><span class='ocrx_word' id='word_1_1' title='bbox 795 685 957 730; x_wconf 75' lang='grc'><strong>1111111111.</strong></span> <span class='ocrx_word' id='word_1_2' title='bbox 976 682 1098 731; x_wconf 81' lang='grc'><strong>73-75.</strong></span> <span class='ocrx_word' id='word_1_3' title='bbox 1458 664 1507 718; x_wconf 78' lang='lat'><em>155</em></span> 
     </span>
    </p>
   </div>
   <div class='ocr_carea' id='block_1_2' title="bbox 378 858 1507 2449">
    <p class='ocr_par' dir='ltr' id='par_1_2' title="bbox 378 858 1507 2449">
     <span class='ocr_line' id='line_1_2' title="bbox 384 858 1505 943; baseline 0 -18"><span class='ocrx_word' id='word_1_4' title='bbox 384 882 494 925; x_wconf 84' lang='lat' dir='ltr'><em>vero».</em></span> <span class='ocrx_word' id='word_1_5' title='bbox 514 898 559 904; x_wconf 90' lang='lat'>—</span> <span class='ocrx_word' id='word_1_6' title='bbox 579 858 729 940; x_wconf 78' lang='lat' dir='ltr'><em>honesta,</em></span> <span class='ocrx_word' id='word_1_7' title='bbox 742 860 905 923; x_wconf 87' lang='lat' dir='ltr'><em>terminus</em></span> <span class='ocrx_word' id='word_1_8' title='bbox 924 862 1098 924; x_wconf 81' lang='lat' dir='ltr'><em>teohnioas</em></span> <span class='ocrx_word' id='word_1_9' title='bbox 1117 861 1340 943; x_wconf 75' lang='lat' dir='ltr'>philosophiae</span> <span class='ocrx_word' id='word_1_10' title='bbox 1359 861 1505 937; x_wconf 84' lang='lat' dir='ltr'>moralis,</span> 
     </span>
     <span class='ocr_line' id='line_1_3' title="bbox 386 975 1506 1059; baseline 0.001 -18"><span class='ocrx_word' id='word_1_11' title='bbox 386 977 498 1041; x_wconf 86' lang='lat' dir='ltr'><em>Graece</em></span> <span class='ocrx_word' id='word_1_12' title='bbox 516 981 550 1040; x_wconf 83' lang='grc' dir='ltr'><em>τὸ</em></span> <span class='ocrx_word' id='word_1_13' title='bbox 573 977 679 1049; x_wconf 82' lang='grc' dir='ltr'>καλόν,</span> <span class='ocrx_word' id='word_1_14' title='bbox 700 975 892 1057; x_wconf 85' lang='lat' dir='ltr'><em>Hungarioe</em></span> <span class='ocrx_word' id='word_1_15' title='bbox 920 995 963 1040; x_wconf 83' lang='lat' dir='ltr'><em>az</em></span> <span class='ocrx_word' id='word_1_16' title='bbox 993 976 1132 1041; x_wconf 65' lang='lat' dir='ltr'><em>solatiosi</em></span> <span class='ocrx_word' id='word_1_17' title='bbox 1155 977 1204 1059; x_wconf 73' lang='lat' dir='ltr'><em>jo,</em></span> <span class='ocrx_word' id='word_1_18' title='bbox 1226 977 1422 1042; x_wconf 83' lang='lat' dir='ltr'><em>Germaniae</em></span> <span class='ocrx_word' id='word_1_19' title='bbox 1441 977 1506 1043; x_wconf 80' lang='lat' dir='ltr'><em>das</em></span> 
     </span>
     <span class='ocr_line' id='line_1_4' title="bbox 384 1089 1506 1178; baseline -0.003 -21"><span class='ocrx_word' id='word_1_20' title='bbox 384 1089 621 1178; x_wconf 54' lang='lat' dir='ltr'><em>Samosata</em></span> <span class='ocrx_word' id='word_1_21' title='bbox 640 1089 827 1155; x_wconf 84' lang='lat' dir='ltr'><em>Stoioorum</em></span> <span class='ocrx_word' id='word_1_22' title='bbox 847 1093 1015 1156; x_wconf 87' lang='lat' dir='ltr'><em>sententia</em></span> <span class='ocrx_word' id='word_1_23' title='bbox 1034 1112 1203 1155; x_wconf 88' lang='lat' dir='ltr'><em>summum</em></span> <span class='ocrx_word' id='word_1_24' title='bbox 1221 1093 1357 1157; x_wconf 91' lang='lat' dir='ltr'><em>bonum.</em></span> <span class='ocrx_word' id='word_1_25' title='bbox 1381 1091 1506 1156; x_wconf 89' lang='lat' dir='ltr'><em>Defini-</em></span> 
     </span>
     <span class='ocr_line' id='line_1_5' title="bbox 383 1207 1507 1289; baseline -0.002 -18"><span class='ocrx_word' id='word_1_26' title='bbox 383 1209 511 1271; x_wconf 88' lang='lat' dir='ltr'><em>tionem</em></span> <span class='ocrx_word' id='word_1_27' title='bbox 532 1209 603 1271; x_wconf 88' lang='lat' dir='ltr'>eius</span> <span class='ocrx_word' id='word_1_28' title='bbox 621 1207 697 1270; x_wconf 84' lang='lat' dir='ltr'>vide</span> <span class='ocrx_word' id='word_1_29' title='bbox 717 1207 806 1289; x_wconf 89' lang='lat' dir='ltr'><em>apud</em></span> <span class='ocrx_word' id='word_1_30' title='bbox 834 1208 900 1272; x_wconf 86' lang='lat' dir='ltr'>Cio.</span> <span class='ocrx_word' id='word_1_31' title='bbox 928 1209 978 1270; x_wconf 93' lang='lat' dir='ltr'><em>De</em></span> <span class='ocrx_word' id='word_1_32' title='bbox 1002 1207 1058 1271; x_wconf 88' lang='lat' dir='ltr'><em>fin.</em></span> <span class='ocrx_word' id='word_1_33' title='bbox 1089 1208 1129 1271; x_wconf 93' lang='grc' dir='ltr'><em>Π.</em></span> <span class='ocrx_word' id='word_1_34' title='bbox 1155 1210 1212 1272; x_wconf 74' lang='lat'><em>14:</em></span> <span class='ocrx_word' id='word_1_35' title='bbox 1247 1209 1453 1273; x_wconf 86' lang='lat' dir='ltr'><em>«Honestum</em></span> <span class='ocrx_word' id='word_1_36' title='bbox 1472 1208 1507 1270; x_wconf 87' lang='lat' dir='ltr'>id</span> 
     </span>
     <span class='ocr_line' id='line_1_6' title="bbox 383 1323 1505 1405; baseline -0.001 -19"><span class='ocrx_word' id='word_1_37' title='bbox 383 1324 620 1403; x_wconf 84' lang='lat' dir='ltr'>intellegimus,</span> <span class='ocrx_word' id='word_1_38' title='bbox 642 1323 730 1405; x_wconf 90' lang='lat' dir='ltr'><em>quod</em></span> <span class='ocrx_word' id='word_1_39' title='bbox 749 1325 816 1387; x_wconf 87' lang='lat' dir='ltr'><em>tale</em></span> <span class='ocrx_word' id='word_1_40' title='bbox 837 1328 895 1399; x_wconf 89' lang='lat' dir='ltr'><em>est,</em></span> <span class='ocrx_word' id='word_1_41' title='bbox 919 1328 956 1386; x_wconf 91' lang='lat' dir='ltr'><em>ut</em></span> <span class='ocrx_word' id='word_1_42' title='bbox 975 1323 1123 1387; x_wconf 85' lang='lat' dir='ltr'><em>detraota</em></span> <span class='ocrx_word' id='word_1_43' title='bbox 1143 1324 1236 1387; x_wconf 91' lang='lat' dir='ltr'><em>omni</em></span> <span class='ocrx_word' id='word_1_44' title='bbox 1254 1325 1345 1387; x_wconf 91' lang='lat' dir='ltr'>utilit</span> <span class='ocrx_word' id='word_1_45' title='bbox 1367 1328 1409 1397; x_wconf 87' lang='lat' dir='ltr'><em>te,</em></span> <span class='ocrx_word' id='word_1_46' title='bbox 1434 1325 1505 1387; x_wconf 91' lang='lat' dir='ltr'><em>sine</em></span> 
     </span>
     <span class='ocr_line' id='line_1_7' title="bbox 382 1439 1506 1522; baseline -0.001 -20"><span class='ocrx_word' id='word_1_47' title='bbox 382 1439 462 1502; x_wconf 90' lang='lat' dir='ltr'>ullis</span> <span class='ocrx_word' id='word_1_48' title='bbox 472 1439 618 1521; x_wconf 75' lang='lat' dir='ltr'>praemiis</span> <span class='ocrx_word' id='word_1_49' title='bbox 628 1440 830 1504; x_wconf 77' lang='lat' dir='ltr'><strong>fructibusve</strong></span> <span class='ocrx_word' id='word_1_50' title='bbox 842 1462 902 1522; x_wconf 87' lang='lat' dir='ltr'><em>per</em></span> <span class='ocrx_word' id='word_1_51' title='bbox 915 1461 950 1503; x_wconf 90' lang='lat' dir='ltr'><em>se</em></span> <span class='ocrx_word' id='word_1_52' title='bbox 962 1441 1073 1521; x_wconf 88' lang='lat' dir='ltr'>ipsum</span> <span class='ocrx_word' id='word_1_53' title='bbox 1086 1441 1193 1521; x_wconf 85' lang='lat' dir='ltr'>possit</span> <span class='ocrx_word' id='word_1_54' title='bbox 1205 1441 1277 1503; x_wconf 86' lang='lat' dir='ltr'>iure</span> <span class='ocrx_word' id='word_1_55' title='bbox 1289 1440 1451 1502; x_wconf 84' lang='lat' dir='ltr'><em>laudari».</em></span> <span class='ocrx_word' id='word_1_56' title='bbox 1462 1476 1506 1482; x_wconf 95' lang='lat'><strong>—</strong></span> 
     </span>
     <span class='ocr_line' id='line_1_8' title="bbox 382 1552 1504 1632; baseline -0.002 -12"><span class='ocrx_word' id='word_1_57' title='bbox 382 1553 473 1632; x_wconf 79' lang='lat' dir='ltr'><em>Hac,</em></span> <span class='ocrx_word' id='word_1_58' title='bbox 494 1555 698 1618; x_wconf 68' lang='lat' dir='ltr'><em>sevientes</em></span> <span class='ocrx_word' id='word_1_59' title='bbox 724 1556 829 1618; x_wconf 88' lang='lat' dir='ltr'><em>animi</em></span> <span class='ocrx_word' id='word_1_60' title='bbox 855 1576 920 1619; x_wconf 84' lang='lat' dir='ltr'>vss.</span> <span class='ocrx_word' id='word_1_61' title='bbox 943 1555 1083 1618; x_wconf 76' lang='grc'><strong>73--74,</strong></span> <span class='ocrx_word' id='word_1_62' title='bbox 1106 1560 1326 1619; x_wconf 87' lang='lat' dir='ltr'><em>enumeratas.</em></span> <span class='ocrx_word' id='word_1_63' title='bbox 1354 1593 1399 1599; x_wconf 80' lang='grc'><strong>-</strong></span> <span class='ocrx_word' id='word_1_64' title='bbox 1426 1552 1504 1618; x_wconf 80' lang='lat' dir='ltr'><em>aedo</em></span> 
     </span>
     <span class='ocr_line' id='line_1_9' title="bbox 380 1667 1502 1752; baseline -0.001 -18"><span class='ocrx_word' id='word_1_65' title='bbox 380 1674 419 1735; x_wconf 84' lang='lat' dir='ltr'><em>at</em></span> <span class='ocrx_word' id='word_1_66' title='bbox 447 1667 661 1750; x_wconf 78' lang='lat' dir='ltr'><em>admoveam,</em></span> <span class='ocrx_word' id='word_1_67' title='bbox 691 1670 741 1743; x_wconf 91' lang='lat' dir='ltr'><em>da,</em></span> <span class='ocrx_word' id='word_1_68' title='bbox 762 1674 800 1733; x_wconf 90' lang='lat' dir='ltr'><em>ut</em></span> <span class='ocrx_word' id='word_1_69' title='bbox 829 1671 1004 1733; x_wconf 87' lang='lat' dir='ltr'><em>admovere</em></span> <span class='ocrx_word' id='word_1_70' title='bbox 1033 1673 1177 1752; x_wconf 86' lang='lat' dir='ltr'>possim;</span> <span class='ocrx_word' id='word_1_71' title='bbox 1208 1673 1247 1734; x_wconf 86' lang='lat' dir='ltr'><em>af.</em></span> <span class='ocrx_word' id='word_1_72' title='bbox 1277 1671 1383 1734; x_wconf 89' lang='lat' dir='ltr'><em>Plaut.</em></span> <span class='ocrx_word' id='word_1_73' title='bbox 1414 1668 1502 1734; x_wconf 81' lang='lat' dir='ltr'><em>Cart.</em></span> 
     </span>
     <span class='ocr_line' id='line_1_10' title="bbox 382 1786 1505 1868; baseline 0 -20"><span class='ocrx_word' id='word_1_74' title='bbox 382 1787 466 1849; x_wconf 74' lang='lat'>654:</span> <span class='ocrx_word' id='word_1_75' title='bbox 491 1786 588 1848; x_wconf 82' lang='lat' dir='ltr'><em>«aedo</em></span> <span class='ocrx_word' id='word_1_76' title='bbox 608 1790 646 1848; x_wconf 91' lang='lat' dir='ltr'><em>ut</em></span> <span class='ocrx_word' id='word_1_77' title='bbox 664 1787 874 1868; x_wconf 75' lang='lat' dir='ltr'>inspiciam»,</span> <span class='ocrx_word' id='word_1_78' title='bbox 895 1786 993 1850; x_wconf 88' lang='lat' dir='ltr'><em>Most.</em></span> <span class='ocrx_word' id='word_1_79' title='bbox 1016 1787 1098 1851; x_wconf 82' lang='lat'><strong>373:</strong></span> <span class='ocrx_word' id='word_1_80' title='bbox 1124 1786 1221 1849; x_wconf 82' lang='lat' dir='ltr'><em>«aedo</em></span> <span class='ocrx_word' id='word_1_81' title='bbox 1241 1792 1278 1850; x_wconf 90' lang='lat' dir='ltr'><em>ut</em></span> <span class='ocrx_word' id='word_1_82' title='bbox 1297 1787 1440 1849; x_wconf 85' lang='lat' dir='ltr'><em>bibam».</em></span> <span class='ocrx_word' id='word_1_83' title='bbox 1460 1822 1505 1828; x_wconf 83' lang='lat'>—</span> 
     </span>
     <span class='ocr_line' id='line_1_11' title="bbox 381 1899 1502 1983; baseline -0.002 -18"><span class='ocrx_word' id='word_1_84' title='bbox 381 1900 593 1979; x_wconf 79' lang='lat' dir='ltr'><em>admoveam,</em></span> <span class='ocrx_word' id='word_1_85' title='bbox 612 1922 676 1964; x_wconf 74' lang='lat' dir='ltr'><em>vox</em></span> <span class='ocrx_word' id='word_1_86' title='bbox 695 1902 731 1964; x_wconf 91' lang='lat' dir='ltr'><em>in</em></span> <span class='ocrx_word' id='word_1_87' title='bbox 751 1901 921 1966; x_wconf 87' lang='lat' dir='ltr'>saorifioiis</span> <span class='ocrx_word' id='word_1_88' title='bbox 942 1902 1135 1978; x_wconf 89' lang='lat' dir='ltr'><em>sollemnis;</em></span> <span class='ocrx_word' id='word_1_89' title='bbox 1156 1904 1195 1966; x_wconf 86' lang='lat' dir='ltr'><em>of.</em></span> <span class='ocrx_word' id='word_1_90' title='bbox 1215 1903 1310 1983; x_wconf 83' lang='lat' dir='ltr'><em>Verg.</em></span> <span class='ocrx_word' id='word_1_91' title='bbox 1332 1903 1412 1964; x_wconf 82' lang='lat' dir='ltr'><em>Aen.</em></span> <span class='ocrx_word' id='word_1_92' title='bbox 1430 1899 1502 1964; x_wconf 89' lang='lat' dir='ltr'><strong>XII.</strong></span> 
     </span>
     <span class='ocr_line' id='line_1_12' title="bbox 383 2016 1502 2099; baseline 0 -21"><span class='ocrx_word' id='word_1_93' title='bbox 383 2017 465 2081; x_wconf 89' lang='lat'>171:</span> <span class='ocrx_word' id='word_1_94' title='bbox 490 2016 720 2098; x_wconf 78' lang='lat' dir='ltr'><em>«admovitque</em></span> <span class='ocrx_word' id='word_1_95' title='bbox 739 2039 841 2099; x_wconf 87' lang='lat' dir='ltr'><em>peous</em></span> <span class='ocrx_word' id='word_1_96' title='bbox 860 2017 1079 2098; x_wconf 83' lang='lat' dir='ltr'><em>flagrantibus</em></span> <span class='ocrx_word' id='word_1_97' title='bbox 1100 2020 1207 2093; x_wconf 82' lang='lat' dir='ltr'>aris»;</span> <span class='ocrx_word' id='word_1_98' title='bbox 1228 2017 1295 2081; x_wconf 80' lang='lat' dir='ltr'>Tib.</span> <span class='ocrx_word' id='word_1_99' title='bbox 1316 2016 1374 2080; x_wconf 89' lang='lat' dir='ltr'><em>HI.</em></span> <span class='ocrx_word' id='word_1_100' title='bbox 1393 2017 1422 2090; x_wconf 82' lang='lat'><em>5,</em></span> <span class='ocrx_word' id='word_1_101' title='bbox 1444 2016 1502 2078; x_wconf 84' lang='lat'><em>11:</em></span> 
     </span>
     <span class='ocr_line' id='line_1_13' title="bbox 384 2130 1501 2215; baseline -0.001 -21"><span class='ocrx_word' id='word_1_102' title='bbox 384 2131 469 2194; x_wconf 82' lang='lat' dir='ltr'><em>«Neo</em></span> <span class='ocrx_word' id='word_1_103' title='bbox 488 2153 550 2196; x_wconf 91' lang='lat' dir='ltr'><em>nos</em></span> <span class='ocrx_word' id='word_1_104' title='bbox 571 2133 750 2214; x_wconf 80' lang='lat' dir='ltr'><em>sacrilegos</em></span> <span class='ocrx_word' id='word_1_105' title='bbox 769 2135 905 2214; x_wconf 88' lang='lat' dir='ltr'><em>templis</em></span> <span class='ocrx_word' id='word_1_106' title='bbox 930 2134 1139 2197; x_wconf 87' lang='lat' dir='ltr'><em>admovimus</em></span> <span class='ocrx_word' id='word_1_107' title='bbox 1167 2135 1302 2215; x_wconf 83' lang='lat' dir='ltr'>ignes»;</span> <span class='ocrx_word' id='word_1_108' title='bbox 1332 2133 1455 2195; x_wconf 81' lang='lat' dir='ltr'><em>Lucan.</em></span> <span class='ocrx_word' id='word_1_109' title='bbox 1477 2130 1501 2194; x_wconf 91' lang='grc' dir='ltr'><em>Ι.</em></span> 
     </span>
     <span class='ocr_line' id='line_1_14' title="bbox 380 2248 1503 2313; baseline -0.001 -3"><span class='ocrx_word' id='word_1_110' title='bbox 380 2248 575 2312; x_wconf 84' lang='grc'>608-609;</span> <span class='ocrx_word' id='word_1_111' title='bbox 601 2253 698 2311; x_wconf 85' lang='lat' dir='ltr'><em>«tuno</em></span> <span class='ocrx_word' id='word_1_112' title='bbox 718 2249 871 2312; x_wconf 84' lang='lat' dir='ltr'><em>admovet</em></span> <span class='ocrx_word' id='word_1_113' title='bbox 891 2251 957 2313; x_wconf 85' lang='lat' dir='ltr'>aris</span> <span class='ocrx_word' id='word_1_114' title='bbox 980 2250 1096 2313; x_wconf 82' lang='lat' dir='ltr'><em>Electa</em></span> <span class='ocrx_word' id='word_1_115' title='bbox 1123 2251 1247 2312; x_wconf 84' lang='lat' dir='ltr'><em>eervioe</em></span> <span class='ocrx_word' id='word_1_116' title='bbox 1276 2269 1431 2311; x_wconf 78' lang='lat' dir='ltr'><em>marem.»</em></span> <span class='ocrx_word' id='word_1_117' title='bbox 1459 2284 1503 2290; x_wconf 92' lang='lat'><em>—-</em></span> 
     </span>
     <span class='ocr_line' id='line_1_15' title="bbox 378 2362 1502 2449; baseline -0.002 -23"><span class='ocrx_word' id='word_1_118' title='bbox 378 2362 474 2448; x_wconf 73' lang='lat' dir='ltr'><em>fame</em></span> <span class='ocrx_word' id='word_1_119' title='bbox 492 2363 607 2445; x_wconf 78' lang='lat' dir='ltr'><em>litabo,</em></span> <span class='ocrx_word' id='word_1_120' title='bbox 619 2365 706 2427; x_wconf 86' lang='lat' dir='ltr'><em>farre</em></span> <span class='ocrx_word' id='word_1_121' title='bbox 719 2367 807 2428; x_wconf 87' lang='lat' dir='ltr'><em>tosto</em></span> <span class='ocrx_word' id='word_1_122' title='bbox 821 2365 1007 2428; x_wconf 80' lang='lat' dir='ltr'><em>sacrificare</em></span> <span class='ocrx_word' id='word_1_123' title='bbox 1021 2371 1092 2429; x_wconf 85' lang='lat' dir='ltr'><em>erat</em></span> <span class='ocrx_word' id='word_1_124' title='bbox 1105 2365 1390 2449; x_wconf 79' lang='lat' dir='ltr'>simplicissimum</span> <span class='ocrx_word' id='word_1_125' title='bbox 1404 2363 1502 2426; x_wconf 87' lang='lat' dir='ltr'><em>saeri-</em></span> 
     </span>
    </p>
   </div>
   <div class='ocr_carea' id='block_1_3' title="bbox 377 2477 1502 2680">
    <p class='ocr_par' dir='ltr' id='par_1_3' title="bbox 377 2477 1502 2680">
     <span class='ocr_line' id='line_1_16' title="bbox 377 2477 1502 2560; baseline -0.003 -18"><span class='ocrx_word' id='word_1_126' title='bbox 377 2477 499 2542; x_wconf 86' lang='lat' dir='ltr'><em>ficandi</em></span> <span class='ocrx_word' id='word_1_127' title='bbox 519 2500 644 2560; x_wconf 78' lang='lat' dir='ltr'><em>genus3</em></span> <span class='ocrx_word' id='word_1_128' title='bbox 665 2482 704 2543; x_wconf 86' lang='lat' dir='ltr'><em>of.</em></span> <span class='ocrx_word' id='word_1_129' title='bbox 727 2482 810 2544; x_wconf 83' lang='lat' dir='ltr'><em>Ptin.</em></span> <span class='ocrx_word' id='word_1_130' title='bbox 830 2482 869 2544; x_wconf 76' lang='lat' dir='ltr'><em>N.</em></span> <span class='ocrx_word' id='word_1_131' title='bbox 884 2482 926 2545; x_wconf 93' lang='lat' dir='ltr'><em>H.</em></span> <span class='ocrx_word' id='word_1_132' title='bbox 940 2481 1058 2546; x_wconf 85' lang='lat' dir='ltr'><strong>XVIII.</strong></span> <span class='ocrx_word' id='word_1_133' title='bbox 1081 2485 1118 2546; x_wconf 90' lang='lat'><em>7:</em></span> <span class='ocrx_word' id='word_1_134' title='bbox 1144 2482 1269 2544; x_wconf 87' lang='lat' dir='ltr'><em>«Numa</em></span> <span class='ocrx_word' id='word_1_135' title='bbox 1288 2479 1411 2542; x_wconf 88' lang='lat' dir='ltr'>istituit</span> <span class='ocrx_word' id='word_1_136' title='bbox 1423 2478 1502 2540; x_wconf 91' lang='lat' dir='ltr'><em>deos</em></span> 
     </span>
     <span class='ocr_line' id='line_1_17' title="bbox 377 2597 1502 2680; baseline -0.002 -23"><span class='ocrx_word' id='word_1_137' title='bbox 377 2598 472 2675; x_wconf 84' lang='lat' dir='ltr'>fruge</span> <span class='ocrx_word' id='word_1_138' title='bbox 491 2597 599 2658; x_wconf 81' lang='lat' dir='ltr'><em>colere</em></span> <span class='ocrx_word' id='word_1_139' title='bbox 620 2600 652 2659; x_wconf 88' lang='lat' dir='ltr'><em>et</em></span> <span class='ocrx_word' id='word_1_140' title='bbox 671 2598 761 2659; x_wconf 87' lang='lat' dir='ltr'><em>mola</em></span> <span class='ocrx_word' id='word_1_141' title='bbox 785 2598 873 2661; x_wconf 86' lang='lat' dir='ltr'><em>salsa</em></span> <span class='ocrx_word' id='word_1_142' title='bbox 902 2599 1091 2680; x_wconf 77' lang='lat' dir='ltr'>supplicare</span> <span class='ocrx_word' id='word_1_143' title='bbox 1123 2602 1230 2679; x_wconf 87' lang='lat' dir='ltr'><em>atque.</em></span> <span class='ocrx_word' id='word_1_144' title='bbox 1251 2600 1289 2658; x_wconf 88' lang='lat' dir='ltr'><em>ut</em></span> <span class='ocrx_word' id='word_1_145' title='bbox 1318 2597 1502 2657; x_wconf 81' lang='lat' dir='ltr'><em>auctorest</em></span> 
     </span>
    </p>
   </div>
   <div class='ocr_carea' id='block_1_4' title="bbox 375 2711 1501 3017">
    <p class='ocr_par' dir='ltr' id='par_1_4' title="bbox 375 2711 1501 3017">
     <span class='ocr_line' id='line_1_18' title="bbox 376 2711 1499 2796; baseline 0 -21"><span class='ocrx_word' id='word_1_146' title='bbox 376 2711 533 2786; x_wconf 78' lang='lat' dir='ltr'><em>Hemina,</em></span> <span class='ocrx_word' id='word_1_147' title='bbox 555 2714 758 2782; x_wconf 80' lang='grc'><strong>1011011010.</strong></span> <span class='ocrx_word' id='word_1_148' title='bbox 780 2715 939 2796; x_wconf 88' lang='lat' dir='ltr'><em>quoniam</em></span> <span class='ocrx_word' id='word_1_149' title='bbox 958 2718 1085 2777; x_wconf 84' lang='lat' dir='ltr'><em>tostum</em></span> <span class='ocrx_word' id='word_1_150' title='bbox 1114 2713 1185 2776; x_wconf 85' lang='lat' dir='ltr'><em>eibo</em></span> <span class='ocrx_word' id='word_1_151' title='bbox 1218 2711 1383 2775; x_wconf 77' lang='lat' dir='ltr'>salubrius</span> <span class='ocrx_word' id='word_1_152' title='bbox 1404 2711 1499 2775; x_wconf 87' lang='lat' dir='ltr'><em>esset.</em></span> 
     </span>
     <span class='ocr_line' id='line_1_19' title="bbox 376 2826 1501 2909; baseline -0.003 -20"><span class='ocrx_word' id='word_1_153' title='bbox 376 2828 411 2890; x_wconf 90' lang='lat' dir='ltr'>id</span> <span class='ocrx_word' id='word_1_154' title='bbox 430 2849 498 2890; x_wconf 88' lang='lat' dir='ltr'><em>uno</em></span> <span class='ocrx_word' id='word_1_155' title='bbox 518 2829 618 2892; x_wconf 90' lang='lat' dir='ltr'><em>modo</em></span> <span class='ocrx_word' id='word_1_156' title='bbox 639 2834 846 2904; x_wconf 76' lang='lat' dir='ltr'><em>consecutus,</em></span> <span class='ocrx_word' id='word_1_157' title='bbox 862 2830 1039 2895; x_wconf 86' lang='lat' dir='ltr'><em>statuendo</em></span> <span class='ocrx_word' id='word_1_158' title='bbox 1060 2850 1129 2892; x_wconf 93' lang='lat' dir='ltr'><em>non</em></span> <span class='ocrx_word' id='word_1_159' title='bbox 1151 2849 1222 2891; x_wconf 87' lang='lat' dir='ltr'><em>esse</em></span> <span class='ocrx_word' id='word_1_160' title='bbox 1242 2848 1363 2909; x_wconf 82' lang='lat' dir='ltr'>purum</span> <span class='ocrx_word' id='word_1_161' title='bbox 1377 2826 1501 2888; x_wconf 88' lang='lat' dir='ltr'><em>adrem</em></span> 
     </span>
     <span class='ocr_line' id='line_1_20' title="bbox 375 2942 1499 3017; baseline -0.002 -12"><span class='ocrx_word' id='word_1_162' title='bbox 375 2943 525 3006; x_wconf 90' lang='lat' dir='ltr'><em>divinam</em></span> <span class='ocrx_word' id='word_1_163' title='bbox 543 2945 615 3013; x_wconf 74' lang='lat' dir='ltr'>nisi,</span> <span class='ocrx_word' id='word_1_164' title='bbox 629 2948 786 3008; x_wconf 75' lang='lat' dir='ltr'><em>tostum».</em></span> <span class='ocrx_word' id='word_1_165' title='bbox 808 2946 963 3009; x_wconf 87' lang='lat' dir='ltr'><em>Imitatur</em></span> <span class='ocrx_word' id='word_1_166' title='bbox 981 2946 1062 3009; x_wconf 87' lang='lat' dir='ltr'><em>Hor.</em></span> <span class='ocrx_word' id='word_1_167' title='bbox 1085 2944 1191 3008; x_wconf 82' lang='lat' dir='ltr'><em>Oarm.</em></span> <span class='ocrx_word' id='word_1_168' title='bbox 1210 2943 1267 3006; x_wconf 87' lang='grc' dir='ltr'><em>ΠΙ.</em></span> <span class='ocrx_word' id='word_1_169' title='bbox 1283 2944 1334 3017; x_wconf 56' lang='lat' dir='ltr'>iit,</span> <span class='ocrx_word' id='word_1_170' title='bbox 1353 2942 1499 3005; x_wconf 61' lang='lat'>17—20:</span> 
     </span>
    </p>
   </div>
   <div class='ocr_carea' id='block_1_5' title="bbox 629 3086 1206 3456">
    <p class='ocr_par' dir='ltr' id='par_1_5' title="bbox 629 3086 1206 3341">
     <span class='ocr_line' id='line_1_21' title="bbox 629 3086 1206 3161; baseline -0.002 -18"><span class='ocrx_word' id='word_1_171' title='bbox 629 3088 783 3144; x_wconf 83' lang='lat' dir='ltr'><em>Immanis</em></span> <span class='ocrx_word' id='word_1_172' title='bbox 807 3106 893 3144; x_wconf 81' lang='lat' dir='ltr'><em>aram</em></span> <span class='ocrx_word' id='word_1_173' title='bbox 915 3088 942 3144; x_wconf 87' lang='lat' dir='ltr'>si</span> <span class='ocrx_word' id='word_1_174' title='bbox 963 3086 1064 3161; x_wconf 85' lang='lat' dir='ltr'><em>tetigit</em></span> <span class='ocrx_word' id='word_1_175' title='bbox 1086 3104 1206 3155; x_wconf 72' lang='lat' dir='ltr'><em>manua,</em></span> 
     </span>
     <span class='ocr_line' id='line_1_22' title="bbox 629 3182 1185 3259; baseline -0.004 -16"><span class='ocrx_word' id='word_1_176' title='bbox 629 3186 698 3243; x_wconf 90' lang='lat' dir='ltr'><em>Non</em></span> <span class='ocrx_word' id='word_1_177' title='bbox 720 3187 900 3259; x_wconf 88' lang='lat' dir='ltr'><em>sumptuosa</em></span> <span class='ocrx_word' id='word_1_178' title='bbox 920 3183 1063 3242; x_wconf 81' lang='lat' dir='ltr'><em>blandior</em></span> <span class='ocrx_word' id='word_1_179' title='bbox 1084 3182 1185 3242; x_wconf 89' lang='lat' dir='ltr'><em>hostia</em></span> 
     </span>
     <span class='ocr_line' id='line_1_23' title="bbox 629 3284 1060 3341; baseline -0.002 0"><span class='ocrx_word' id='word_1_180' title='bbox 629 3284 764 3341; x_wconf 81' lang='lat' dir='ltr'>Mollivit</span> <span class='ocrx_word' id='word_1_181' title='bbox 785 3301 908 3341; x_wconf 80' lang='lat' dir='ltr'><em>aversos</em></span> <span class='ocrx_word' id='word_1_182' title='bbox 929 3284 1060 3341; x_wconf 76' lang='lat' dir='ltr'><em>Penates</em></span> 
     </span>
    </p>

    <p class='ocr_par' dir='ltr' id='par_1_6' title="bbox 629 3381 1112 3456">
     <span class='ocr_line' id='line_1_24' title="bbox 629 3381 1112 3456; baseline -0.006 -16"><span class='ocrx_word' id='word_1_183' title='bbox 629 3382 725 3440; x_wconf 76' lang='lat' dir='ltr'><em>Fama</em></span> <span class='ocrx_word' id='word_1_184' title='bbox 747 3382 798 3456; x_wconf 91' lang='lat' dir='ltr'><em>pio</em></span> <span class='ocrx_word' id='word_1_185' title='bbox 821 3384 851 3438; x_wconf 89' lang='lat' dir='ltr'><em>et</em></span> <span class='ocrx_word' id='word_1_186' title='bbox 873 3381 1001 3438; x_wconf 75' lang='lat' dir='ltr'><em>saliente</em></span> <span class='ocrx_word' id='word_1_187' title='bbox 1023 3382 1112 3438; x_wconf 89' lang='lat' dir='ltr'><em>mioa.</em></span> 
     </span>
    </p>
   </div>
   <div class='ocr_carea' id='block_1_6' title="bbox 372 3528 1499 4543">
    <p class='ocr_par' dir='ltr' id='par_1_7' title="bbox 373 3528 1499 4078">
     <span class='ocr_line' id='line_1_25' title="bbox 375 3528 1499 3604; baseline -0.006 -6"><span class='ocrx_word' id='word_1_188' title='bbox 375 3534 422 3598; x_wconf 80' lang='lat' dir='ltr'><em>Of.</em></span> <span class='ocrx_word' id='word_1_189' title='bbox 445 3535 546 3598; x_wconf 88' lang='lat' dir='ltr'><em>etiam</em></span> <span class='ocrx_word' id='word_1_190' title='bbox 566 3533 679 3599; x_wconf 79' lang='lat' dir='ltr'><em>Seneo.</em></span> <span class='ocrx_word' id='word_1_191' title='bbox 700 3534 814 3598; x_wconf 86' lang='lat' dir='ltr'><em>Benef.</em></span> <span class='ocrx_word' id='word_1_192' title='bbox 836 3534 861 3597; x_wconf 91' lang='grc' dir='ltr'><em>Ι.</em></span> <span class='ocrx_word' id='word_1_193' title='bbox 883 3535 970 3604; x_wconf 63' lang='grc'><strong>(131</strong></span> <span class='ocrx_word' id='word_1_194' title='bbox 996 3534 1098 3596; x_wconf 81' lang='lat' dir='ltr'><em>«Boni</em></span> <span class='ocrx_word' id='word_1_195' title='bbox 1120 3534 1220 3595; x_wconf 87' lang='lat' dir='ltr'><em>etiam</em></span> <span class='ocrx_word' id='word_1_196' title='bbox 1239 3534 1325 3594; x_wconf 87' lang='lat' dir='ltr'><em>farre</em></span> <span class='ocrx_word' id='word_1_197' title='bbox 1347 3552 1382 3593; x_wconf 88' lang='lat' dir='ltr'><em>ao</em></span> <span class='ocrx_word' id='word_1_198' title='bbox 1401 3528 1499 3593; x_wconf 85' lang='lat' dir='ltr'><em>fitilla</em></span> 
     </span>
     <span class='ocr_line' id='line_1_26' title="bbox 374 3646 1498 3732; baseline -0.005 -21"><span class='ocrx_word' id='word_1_199' title='bbox 374 3650 524 3730; x_wconf 83' lang='lat' dir='ltr'>religiosi</span> <span class='ocrx_word' id='word_1_200' title='bbox 543 3655 652 3712; x_wconf 84' lang='lat' dir='ltr'><em>sunt».</em></span> <span class='ocrx_word' id='word_1_201' title='bbox 673 3687 718 3692; x_wconf 75' lang='lat'><em>-—</em></span> <span class='ocrx_word' id='word_1_202' title='bbox 738 3648 854 3730; x_wconf 78' lang='lat' dir='ltr'><em>litabo,</em></span> <span class='ocrx_word' id='word_1_203' title='bbox 873 3650 979 3723; x_wconf 87' lang='lat' dir='ltr'><em>litare,</em></span> <span class='ocrx_word' id='word_1_204' title='bbox 1005 3653 1042 3711; x_wconf 85' lang='lat' dir='ltr'><em>ut</em></span> <span class='ocrx_word' id='word_1_205' title='bbox 1068 3648 1179 3713; x_wconf 83' lang='lat' dir='ltr'><em>Graece</em></span> <span class='ocrx_word' id='word_1_206' title='bbox 1198 3650 1382 3732; x_wconf 78' lang='grc' dir='ltr'>καλλιερεῖν,</span> <span class='ocrx_word' id='word_1_207' title='bbox 1397 3646 1498 3727; x_wconf 85' lang='lat' dir='ltr'>signi-</span> 
     </span>
     <span class='ocr_line' id='line_1_27' title="bbox 373 3761 1499 3847; baseline -0.004 -20"><span class='ocrx_word' id='word_1_208' title='bbox 373 3764 450 3827; x_wconf 84' lang='lat' dir='ltr'><em>fieat</em></span> <span class='ocrx_word' id='word_1_209' title='bbox 468 3765 566 3828; x_wconf 88' lang='lat' dir='ltr'>bonis</span> <span class='ocrx_word' id='word_1_210' title='bbox 586 3765 743 3847; x_wconf 78' lang='lat' dir='ltr'>auspiciis</span> <span class='ocrx_word' id='word_1_211' title='bbox 765 3770 797 3828; x_wconf 92' lang='lat' dir='ltr'><em>et</em></span> <span class='ocrx_word' id='word_1_212' title='bbox 816 3764 880 3827; x_wconf 90' lang='lat' dir='ltr'>diis</span> <span class='ocrx_word' id='word_1_213' title='bbox 900 3764 1088 3828; x_wconf 85' lang='lat' dir='ltr'><em>faventibus</em></span> <span class='ocrx_word' id='word_1_214' title='bbox 1110 3764 1302 3827; x_wconf 79' lang='lat' dir='ltr'><em>sacrificare.</em></span> <span class='ocrx_word' id='word_1_215' title='bbox 1325 3761 1499 3826; x_wconf 72' lang='lat' dir='ltr'><em>Sententia</em></span> 
     </span>
     <span class='ocr_line' id='line_1_28' title="bbox 375 3878 1496 3961; baseline -0.005 -17"><span class='ocrx_word' id='word_1_216' title='bbox 375 3884 425 3944; x_wconf 88' lang='lat' dir='ltr'><em>est</em></span> <span class='ocrx_word' id='word_1_217' title='bbox 443 3881 546 3961; x_wconf 82' lang='lat' dir='ltr'>igitur</span> <span class='ocrx_word' id='word_1_218' title='bbox 565 3881 776 3945; x_wconf 88' lang='lat' dir='ltr'>huiusmodi:</span> <span class='ocrx_word' id='word_1_219' title='bbox 798 3882 826 3943; x_wconf 89' lang='lat' dir='ltr'>si</span> <span class='ocrx_word' id='word_1_220' title='bbox 845 3882 902 3961; x_wconf 87' lang='lat' dir='ltr'><em>pia</em></span> <span class='ocrx_word' id='word_1_221' title='bbox 915 3885 947 3942; x_wconf 90' lang='lat' dir='ltr'><em>et</em></span> <span class='ocrx_word' id='word_1_222' title='bbox 959 3884 1049 3943; x_wconf 84' lang='lat' dir='ltr'><em>reeta</em></span> <span class='ocrx_word' id='word_1_223' title='bbox 1067 3882 1240 3943; x_wconf 81' lang='lat' dir='ltr'><em>voluntate</em></span> <span class='ocrx_word' id='word_1_224' title='bbox 1261 3878 1496 3948; x_wconf 81' lang='lat' dir='ltr'><em>saorifioavem,</em></span> 
     </span>
     <span class='ocr_line' id='line_1_29' title="bbox 376 3995 1282 4078; baseline 0.001 -20"><span class='ocrx_word' id='word_1_225' title='bbox 376 3997 476 4058; x_wconf 87' lang='lat' dir='ltr'><em>etiam</em></span> <span class='ocrx_word' id='word_1_226' title='bbox 495 3996 659 4060; x_wconf 87' lang='lat' dir='ltr'>vilissimo</span> <span class='ocrx_word' id='word_1_227' title='bbox 680 3995 840 4059; x_wconf 77' lang='lat' dir='ltr'>sacrificio</span> <span class='ocrx_word' id='word_1_228' title='bbox 861 3996 940 4059; x_wconf 90' lang='lat' dir='ltr'><em>deos</em></span> <span class='ocrx_word' id='word_1_229' title='bbox 960 3998 1124 4078; x_wconf 86' lang='lat' dir='ltr'>propitios</span> <span class='ocrx_word' id='word_1_230' title='bbox 1144 3997 1282 4060; x_wconf 75' lang='lat' dir='ltr'><em>habebo,</em></span> 
     </span>
    </p>

    <p class='ocr_par' dir='ltr' id='par_1_8' title="bbox 372 4109 1499 4543">
     <span class='ocr_line' id='line_1_30' title="bbox 426 4109 1499 4197; baseline -0.002 -22"><span class='ocrx_word' id='word_1_231' title='bbox 426 4109 531 4193; x_wconf 77' lang='lat' dir='ltr'><em>idem,</em></span> <span class='ocrx_word' id='word_1_232' title='bbox 552 4110 642 4195; x_wconf 82' lang='lat' dir='ltr'><em>qaod</em></span> <span class='ocrx_word' id='word_1_233' title='bbox 662 4111 732 4176; x_wconf 78' lang='lat' dir='ltr'><em>hae</em></span> <span class='ocrx_word' id='word_1_234' title='bbox 751 4112 874 4193; x_wconf 78' lang='lat' dir='ltr'><em>satira,</em></span> <span class='ocrx_word' id='word_1_235' title='bbox 893 4116 1133 4197; x_wconf 60' lang='lat' dir='ltr'><em>aestimantem</em></span> <span class='ocrx_word' id='word_1_236' title='bbox 1164 4116 1288 4178; x_wconf 77' lang='lat' dir='ltr'><em>tractat</em></span> <span class='ocrx_word' id='word_1_237' title='bbox 1306 4109 1499 4177; x_wconf 78' lang='lat' dir='ltr'><em>Alcibiadae</em></span> 
     </span>
     <span class='ocr_line' id='line_1_31' title="bbox 373 4225 1498 4313; baseline 0.001 -22"><span class='ocrx_word' id='word_1_238' title='bbox 373 4225 431 4308; x_wconf 71' lang='lat' dir='ltr'><em>II.7</em></span> <span class='ocrx_word' id='word_1_239' title='bbox 449 4227 510 4311; x_wconf 79' lang='lat' dir='ltr'><em>qai</em></span> <span class='ocrx_word' id='word_1_240' title='bbox 528 4227 617 4292; x_wconf 80' lang='lat' dir='ltr'><em>mter</em></span> <span class='ocrx_word' id='word_1_241' title='bbox 636 4225 830 4292; x_wconf 80' lang='lat' dir='ltr'><em>Platonicos</em></span> <span class='ocrx_word' id='word_1_242' title='bbox 856 4226 1013 4313; x_wconf 71' lang='grc'><strong>(11010903</strong></span> <span class='ocrx_word' id='word_1_243' title='bbox 1039 4232 1194 4293; x_wconf 68' lang='lat' dir='ltr'><em>servatae</em></span> <span class='ocrx_word' id='word_1_244' title='bbox 1224 4232 1272 4294; x_wconf 78' lang='lat' dir='ltr'><em>est</em></span> <span class='ocrx_word' id='word_1_245' title='bbox 1300 4226 1498 4311; x_wconf 72' lang='lat' dir='ltr'><em>videturque</em></span> 
     </span>
     <span class='ocr_line' id='line_1_32' title="bbox 372 4341 1497 4427; baseline -0.001 -21"><span class='ocrx_word' id='word_1_246' title='bbox 372 4341 513 4409; x_wconf 76' lang='lat' dir='ltr'><em>Paratae</em></span> <span class='ocrx_word' id='word_1_247' title='bbox 528 4363 605 4408; x_wconf 81' lang='lat' dir='ltr'><em>eam</em></span> <span class='ocrx_word' id='word_1_248' title='bbox 617 4345 696 4409; x_wconf 85' lang='lat' dir='ltr'><em>ame</em></span> <span class='ocrx_word' id='word_1_249' title='bbox 711 4344 826 4409; x_wconf 84' lang='lat' dir='ltr'><em>ooatos</em></span> <span class='ocrx_word' id='word_1_250' title='bbox 845 4341 1012 4408; x_wconf 72' lang='lat' dir='ltr'><em>tabuisse.</em></span> <span class='ocrx_word' id='word_1_251' title='bbox 1035 4341 1146 4409; x_wconf 78' lang='lat' dir='ltr'>Persii</span> <span class='ocrx_word' id='word_1_252' title='bbox 1160 4346 1314 4427; x_wconf 60' lang='lat' dir='ltr'><em>extemplo</em></span> <span class='ocrx_word' id='word_1_253' title='bbox 1327 4344 1368 4408; x_wconf 79' lang='lat' dir='ltr'><em>aa</em></span> <span class='ocrx_word' id='word_1_254' title='bbox 1379 4341 1497 4409; x_wconf 81' lang='lat' dir='ltr'><em>eadem</em></span> 
     </span>
     <span class='ocr_line' id='line_1_33' title="bbox 372 4456 992 4543; baseline 0.003 -21"><span class='ocrx_word' id='word_1_255' title='bbox 372 4479 408 4523; x_wconf 84' lang='lat' dir='ltr'><em>re</em></span> <span class='ocrx_word' id='word_1_256' title='bbox 427 4458 564 4543; x_wconf 67' lang='lat' dir='ltr'><em>seipsa</em></span> <span class='ocrx_word' id='word_1_257' title='bbox 582 4456 756 4525; x_wconf 75' lang='lat' dir='ltr'><em>Jaaeaaa</em></span> <span class='ocrx_word' id='word_1_258' title='bbox 776 4459 928 4527; x_wconf 74' lang='lat' dir='ltr'><em>Satiram</em></span> <span class='ocrx_word' id='word_1_259' title='bbox 952 4458 992 4524; x_wconf 90' lang='lat' dir='ltr'><em>X.</em></span> 
     </span>
    </p>
   </div>
   <div class='ocr_carea' id='block_1_7' title="bbox 0 0 1964 5475">
    <p class='ocr_par' dir='ltr' id='par_1_9' title="bbox 0 0 1964 5475">
     <span class='ocr_line' id='line_1_34' title="bbox 0 0 1964 5475; baseline 0 5"><span class='ocrx_word' id='word_1_260' title='bbox 0 0 1964 5475; x_wconf 95' lang='lat' dir='ltr'><em> </em></span> 
     </span>
    </p>
   </div>
  </div>
 </body>
</html>
