3917 5475
751 707 861 750 aarum
877 709 898 751 1.
919 704 1078 753 lle—423.
1426 687 1476 738 lli)

347 886 393 949 de
412 885 550 949 auribus
570 886 657 965 regis
677 884 775 948 Midae
796 885 949 954 asininis.
980 905 1072 966 quae.
1094 889 1131 947 ut
1151 884 1288 948 Ovidius
1307 884 1398 962 (Met.
1418 884 1474 950 XI.

352 1001 552 1078 180—193.)
571 1001 637 1063 ait:

472 1165 529 1224 Ille
552 1164 675 1241 quidem
697 1166 776 1224 celat
798 1166 940 1240 turpique
963 1168 1091 1223 onerata
1112 1164 1228 1242 pudore

472 1279 624 1356 Tempora
644 1283 807 1356 purpureis
828 1284 960 1357 temptat
979 1281 1081 1339 velare
1103 1280 1199 1339 tiaris,

474 1394 534 1454 Sed
555 1397 663 1454 solitus
683 1397 792 1470 longos
813 1396 894 1456 ferro
915 1416 1053 1456 resecare
1075 1396 1201 1472 capillos

472 1510 601 1570 Viderat
621 1512 680 1569 hoc
701 1510 843 1570 famulus.
867 1511 1016 1584 Quicum
1037 1529 1095 1568 nec
1116 1509 1245 1585 prodere
1267 1511 1368 1569 visum

471 1626 611 1687 Dedecus
634 1627 769 1697 auderet,
791 1629 918 1702 cupiens
940 1626 1049 1684 efferre
1073 1626 1128 1684 sub
1152 1645 1251 1695 auras,

471 1744 535 1802 Nec
555 1747 659 1819 posset
679 1746 807 1803 reticere
829 1746 944 1814 tamen,
966 1742 1082 1802 secedit
1102 1743 1291 1818 humumque
1316 1735 1319 1742 ’

472 1858 588 1917 Effudit
609 1861 648 1928 et,
671 1859 789 1918 domini
812 1859 916 1935 quales
939 1858 1113 1934 adspexerit
1135 1877 1232 1927 aurea,

470 1975 554 2034 Voce
575 1975 669 2033 refert
689 1993 785 2051 parva
805 1978 955 2051 terraeque
976 1976 1197 2033 immurmurat
1218 1974 1353 2040 haustac;

470 2090 684 2166 Indiciumque
706 2110 768 2149 suae
789 2092 872 2149 vocis
894 2089 1003 2148 tellure
1024 2093 1144 2164 regesta

472 2206 581 2266 Obruit
602 2211 632 2266 et
653 2208 811 2265 scrobibus
831 2207 943 2264 tacitus
964 2204 1094 2264 discedit
1116 2207 1240 2281 opertis.

472 2323 586 2384 Creber
608 2322 810 2381 arundinibus
832 2322 972 2380 tremulis
994 2322 1042 2381 ubi
1067 2340 1191 2395 surgere
1212 2322 1297 2380 lucus

472 2439 573 2514 Ooepit
593 2443 633 2510 et,
655 2443 689 2498 ut
710 2441 845 2515 primum
867 2439 959 2514 pleno
982 2439 1132 2496 maturuit
1154 2455 1245 2506 anno,

470 2556 611 2615 Prodidit
632 2556 816 2632 agricolam:
838 2555 901 2612 leni
922 2573 995 2611 nam
1017 2556 1118 2611 motus
1142 2552 1178 2612 ab
1201 2556 1304 2611 austro

470 2672 588 2731 Obruta
608 2671 702 2730 verba
722 2670 817 2729 refert
838 2668 1017 2746 dominique
1039 2669 1178 2743 coarguit
1200 2687 1298 2729 aures.

345 2891 394 2899 —
411 2849 625 2936 Nosqrroml
643 2852 828 2931 interrogat
846 2854 946 2932 poeta
964 2849 1246 2931 indignabundus.
1267 2889 1311 2895 —-
1330 2848 1397 2916 Hic
1416 2854 1470 2916 ta·

349 2990 428 3035 ritca
446 2961 630 3054 infodiam,
648 2967 802 3029 scilicet:
829 2967 865 3027 in
892 2965 1008 3028 libello
1028 2986 1123 3041 me0;
1156 2969 1320 3030 secretum
1340 2986 1471 3030 concre·

347 3087 428 3149 dam
446 3084 571 3152 libello.
592 3087 631 3145 ut
649 3081 796 3144 famulus
812 3079 911 3143 Midae
925 3081 1042 3145 scrobi.
1058 3080 1105 3145 Of.
1127 3103 1198 3163 quae
1218 3081 1379 3145 Horatius
1392 3080 1470 3161 (Sat.

347 3200 391 3264 II.
415 3201 442 3274 1,
464 3200 530 3278 30.)
549 3198 589 3261 de
618 3197 747 3261 Lucilio
767 3196 866 3261 dicit:
900 3197 978 3260 «Ille
1002 3197 1098 3261 velut
1115 3198 1190 3261 fidis
1210 3218 1331 3261 arcana
1351 3196 1471 3260 sodali-

347 3318 412 3379 bus
432 3316 513 3378 olim
533 3313 695 3378 Credebat
712 3313 839 3380 libris».
859 3350 904 3357 —-
929 3312 1018 3393 Victi,
1037 3312 1107 3377 cidi
1127 3314 1209 3397 ipse,
1226 3318 1263 3376 ut
1281 3317 1393 3387 testes,
1415 3313 1472 3394 qui

348 3451 419 3494 rem
438 3431 505 3512 ipsi
524 3430 688 3502 viderunt,
706 3430 743 3492 in
755 3429 877 3493 iudicio
900 3430 994 3511 loqui
1016 3431 1133 3493 solent.
1149 3428 1195 3493 Of.
1219 3429 1292 3492 Juv.
1318 3427 1388 3492 VH.
1413 3429 1471 3491 13:

468 3596 537 3654 Hoc
559 3598 663 3666 satius
688 3616 780 3672 quam
801 3598 827 3654 si
848 3595 932 3655 dicas
954 3597 1009 3655 sub
1030 3596 1148 3656 iudice:
1170 3599 1235 3655 cidi

349 3768 382 3820 et
400 3756 485 3822 xvi
509 3758 650 3822 29—30.

467 3924 517 3982 Da
539 3927 658 3994 testem,
681 3924 772 3983 iudex
794 3943 863 3983 cum
885 3924 1007 3995 dixerit,
1034 3923 1145 3982 audeat
1165 3925 1216 3982 ille

468 4040 579 4099 Nescio
603 4042 679 4117 quis,
702 4059 821 4116 pugnos
844 4041 893 4116 qui
916 4039 1003 4111 vidit,
1026 4038 1146 4097 dicere:
1167 4042 1241 4099 vidi.

348 4268 391 4275 —
409 4227 596 4295 Aorarolcs
614 4228 705 4294 asiai
728 4228 806 4313 quis
827 4247 898 4293 'rica
922 4226 1050 4294 labere
1070 4227 1249 4303 Secretum,
1265 4228 1353 4311 quod
1370 4232 1471 4310 poeta

348 4364 393 4407 vs.
414 4346 444 4408 8.
465 4344 584 4423 (rNam
606 4345 720 4407 Romae
750 4349 801 4407 est
826 4345 901 4426 quis
924 4366 1017 4409 non.
1036 4394 1043 4408 .
1061 4347 1129 4423 ‚⁶2l)
1152 4346 1293 4419 reticuit,
1315 4345 1469 4409 hocloco

350 4464 463 4540 aperte
492 4458 580 4522 dicit.
610 4458 765 4522 Ceterum
792 4459 833 4522 de
857 4460 1014 4523 hocloco
1038 4461 1075 4523 in
1097 4460 1164 4533 fine
1188 4461 1263 4524 vitae
1294 4460 1398 4523 Persii
1429 4460 1470 4524 de

1364 4582 1399 4634 8*
