3917 5475
790 693 900 736 samua
914 694 937 737 1.
955 691 1044 743 4-5.
1441 674 1475 726 57

359 868 598 947 Praetulerim,
618 869 754 951 supple:
782 870 835 931 An
854 872 953 950 putas
972 890 1026 932 me
1046 870 1173 940 tImere,
1195 891 1238 933 ne
1256 872 1341 934 milri
1360 892 1474 953 proee-

358 1005 408 1047 res
426 984 569 1048 Romani
588 984 781 1048 Labeonem
800 986 1005 1066 praelerant?
1025 984 1151 1049 Similis
1172 988 1299 1069 ellipsis
1320 992 1370 1051 est
1386 987 1475 1069 apud

357 1101 418 1165 Cic.
437 1103 487 1165 De
506 1100 562 1165 fin.
591 1101 628 1164 V.
660 1101 688 1169 3.
711 1102 750 1165 8:
775 1098 858 1165 «Sed
878 1122 931 1175 ne,
965 1100 1046 1165 dum
1075 1104 1153 1165 huic
1179 1104 1350 1185 obsequor,
1381 1104 1473 1167 vobis

250 1246 253 1253 ·
356 1218 514 1281 molestus
534 1218 629 1286 sim»,
649 1216 707 1279 ubi
728 1216 953 1298 supplendum
973 1222 1042 1283 est:
1064 1218 1128 1283 Sed
1147 1240 1270 1287 vereor.
1292 1241 1334 1282 ne
1356 1224 1415 1284 etc.
1430 1256 1473 1263 —

353 1331 563 1417 Hrlpduruus
592 1338 623 1397 et
656 1330 828 1413 Troiades
855 1333 989 1397 Persius
1020 1334 1103 1398 duos
1135 1356 1248 1399 versus
1276 1335 1473 1398 Homericos

352 1452 413 1513 hoo
431 1450 505 1514 loeo
524 1448 684 1518 imitatur,
706 1448 743 1516 ss.
764 1448 803 1512 X.
830 1449 911 1514 100:
940 1448 1150 1536 Πουλυδάμας
1182 1474 1233 1538 μοι
1251 1462 1368 1535 πρῶτον
1388 1448 1472 1533 ἐλεγ-

354 1570 439 1651 χείην
459 1562 616 1651 ἀναθήσει
636 1568 668 1627 et
690 1565 772 1629 105:
797 1562 950 1652 Αἰδὲομαι
969 1564 1080 1649 Τρῶας
1107 1572 1161 1633 καὶ
1180 1565 1331 1651 Τρῳάδας
1352 1565 1471 1631 ἑλκεσι-

350 1685 490 1760 πέπλους,
511 1683 569 1746 ubi
587 1681 713 1745 Hector
727 1683 1010 1764 vituperationem
1026 1683 1278 1765 Pulydamantis
1296 1686 1327 1745 et
1347 1686 1471 1745 cetero·

349 1820 422 1861 rum
441 1798 662 1862 Troianorum
682 1819 717 1861 so
736 1800 843 1861 vereri
861 1798 951 1863 dIcit.
969 1799 1169 1879 Pulydamas
1183 1803 1294 1862 eutem
1315 1802 1347 1861 et
1360 1798 1470 1861 Troia-

348 1915 403 1977 des
423 1915 516 1996 apud
534 1915 686 1977 Persium
710 1914 901 1997 significant
928 1936 1082 1996 proceres
1100 1916 1279 1983 Romanos.
1302 1916 1412 1996 quise
1434 1935 1472 1975 ex

348 2032 500 2094 Troianis
518 2033 641 2093 Aeneae
664 2032 700 2094 in
724 2031 857 2093 Italiam
884 2031 1061 2111 migrantis
1081 2034 1258 2096 comitibus
1278 2034 1367 2093 ortos
1387 2032 1470 2092 fere-

347 2148 434 2218 bant,
456 2166 561 2229 quare
582 2166 638 2209 eos
668 2149 768 2210 etiam
797 2148 969 2210 Iuvenalis
995 2146 1204 2235 Troiupeaos
1224 2148 1258 2225 (I.
1290 2138 1468 2213 mavul.

352 2264 421 2331 181.
447 2262 505 2326 XL
537 2263 602 2341 95.)
631 2267 664 2326 et
697 2261 903 2328 Teucrorum
927 2265 1062 2347 prolem
1091 2264 1187 2342 (VIII.
1218 2266 1283 2330 50.)
1312 2263 1467 2345 appellat.

345 2381 502 2443 Ceterum
522 2379 655 2441 Persius
674 2378 868 2442 Ciceronem
889 2386 1023 2446 secutus
1043 2386 1101 2451 est.
1123 2382 1180 2464 qui
1198 2382 1258 2462 Ep.
1280 2380 1321 2443 ad
1340 2380 1405 2443 Att.
1427 2378 1467 2441 Π.

346 2499 374 2564 5.
399 2497 426 2559 1.
450 2495 613 2559 Catonem
632 2495 825 2559 Uticensem
845 2496 1131 2577 Pulydamantem,
1158 2498 1336 2579 optimates
1356 2499 1469 2558 autem

345 2612 508 2676 Troianos
525 2612 726 2692 appellavit:
760 2609 843 2676 «Sed
871 2613 934 2675 hoc
947 2618 1112 2700 „tempore
1133 2618 1165 2676 et
1184 2614 1237 2676 his
1256 2610 1468 2675 mittentibus

348 2727 495 2816 αἰδέομαι
511 2726 620 2813 Τρῶας
640 2731 693 2793 καὶ
710 2725 861 2813 Τρῳάδας
883 2728 1131 2805 ἑλκεσιπέπλους.
1149 2729 1235 2810 Quid
1256 2730 1345 2792 enim
1361 2726 1467 2790 nostri

345 2847 539 2930 optimates
560 2846 596 2908 si
626 2846 682 2927 qui
710 2847 830 2926 reliqui
860 2851 947 2921 sunt,
977 2850 1183 2930 loquentur?
1212 2847 1263 2908 An
1283 2866 1336 2908 me
1357 2844 1467 2924 aliquo

345 2963 484 3042 praemio
505 2960 545 3023 de
565 2962 733 3024 sententia
763 2982 835 3025 esse
855 2963 1060 3029 deductum?
1087 2963 1297 3049 Πουλυδάμας
1319 2983 1369 3046 μοι
1388 2970 1466 3042 πρῶ-

343 3099 392 3142 τον
413 3076 576 3163 ἐλεγχείην
596 3075 760 3164 ἀναδήοει,
785 3076 949 3144 Culo'ille
974 3084 1116 3143 noster.»
1146 3078 1306 3143 Similiter
1325 3077 1377 3138 his
1397 3096 1467 3137 ver-

344 3195 437 3258 sibus
456 3193 543 3257 Iudit
563 3194 664 3256 etiam
682 3193 733 3256 Ad
752 3196 818 3257 Att.
836 3195 906 3257 VH.
931 3197 957 3264 1.
978 3199 1008 3259 4.
1032 3200 1065 3258 et
1082 3195 1169 3258 VIII.
1190 3196 1239 3262 16.
1261 3195 1290 3255 T.
1311 3189 1466 3278 Polycle-

346 3330 421 3375 euus
451 3310 554 3390 igitur
585 3308 675 3390 apud
704 3310 855 3372 Persium
885 3310 1050 3391 significat
1078 3312 1231 3373 homines
1259 3309 1363 3372 nobili
1394 3310 1466 3371 loco

344 3431 454 3496 natos,
476 3445 618 3506 quorum
637 3425 799 3488 iudicium
819 3447 857 3488 eo
878 3431 1027 3508 tempore
1047 3430 1083 3490 in
1103 3429 1200 3489 rebus
1229 3426 1408 3490 litterariis.
1430 3426 1468 3484 ut

343 3551 497 3623 tempore
517 3539 686 3604 Ciceronis
706 3540 867 3604 iudicium
891 3541 1028 3606 Catonis
1047 3545 1083 3606 in
1103 3544 1201 3605 rebus
1220 3541 1371 3622 publicis,
1393 3539 1467 3619 plu-

344 3660 469 3720 rimum
489 3656 628 3727 valebat,
665 3655 827 3722 Troiades
857 3663 969 3720 autem
999 3663 1079 3721 sunt
1107 3659 1206 3720 ceteri
1226 3675 1388 3738 proceres,
1411 3654 1467 3735 qui

342 3776 378 3838 in
410 3774 512 3836 verba
543 3772 824 3854 Pulydamantum
854 3775 988 3836 illorum
1019 3775 1184 3836 iurabant.
1219 3811 1244 3815 --
1296 3769 1467 3845 Troiades

344 3892 481 3954 Persius
500 3909 569 3951 non
589 3894 836 3963 commemorat,
857 3893 894 3952 ut
913 3890 1091 3963 Homerus,
1104 3888 1213 3974 Τρῶας
1231 3892 1284 3954 καὶ
1303 3887 1464 3973 Τρῳάδας,

344 4007 403 4070 sed
422 4009 556 4070 tentum
582 4001 753 4084 Τνοίαάυε,
780 4009 818 4067 ut
847 4005 1056 4071 effeminatos
1086 4009 1157 4070 eius
1177 4007 1337 4089 temporis
1356 4025 1467 4068 mores

342 4127 446 4187 notet.
468 4121 627 4185 Imitetur
643 4122 837 4198 Homerum,
860 4126 916 4204 qui
945 4124 985 4187 de
1006 4125 1156 4187 Troianis
1180 4125 1309 4205 ignavis
1329 4123 1409 4186 dicit
1429 4123 1464 4184 ll.

344 4239 385 4302 II.
418 4240 504 4302 235:
534 4235 696 4324 Ἀχαιίδες,
726 4235 825 4303 οὐκέτ’
855 4237 979 4324 Ἀχαιοί,
1012 4244 1044 4302 et
1074 4240 1169 4320 Verg.
1201 4241 1282 4303 Aen.
1315 4240 1351 4302 V.
1383 4240 1466 4302 704:

349 4355 393 4420 «Ο
414 4376 491 4418 vere
512 4355 663 4436 Phrygia
691 4376 799 4437 neque
821 4357 911 4418 enlm
931 4356 1091 4437 Phyges.»
1123 4357 1291 4419 Romanos
1312 4357 1363 4418 sui
1383 4361 1465 4416 tem-

344 4473 436 4552 poris
455 4491 527 4533 non
548 4490 625 4563 esse*
639 4472 727 4534 viros
748 4472 849 4534 etiam
868 4472 948 4534 alibi
967 4473 1004 4533 in
1025 4472 1086 4533 hae
1103 4473 1204 4534 satira
1224 4472 1303 4534 dicit
1322 4471 1464 4536 Persius.
