<?xml version="1.0" encoding="UTF-8"?>
<!DOCTYPE html PUBLIC "-//W3C//DTD XHTML 1.0 Transitional//EN"
    "http://www.w3.org/TR/xhtml1/DTD/xhtml1-transitional.dtd">
<html xmlns="http://www.w3.org/1999/xhtml" xml:lang="en" lang="en">
 <head>
  <title>
</title>
<meta http-equiv="Content-Type" content="text/html;charset=utf-8" />
  <meta name='ocr-system' content='tesseract 3.04.00' />
  <meta name='ocr-capabilities' content='ocr_page ocr_carea ocr_par ocr_line ocrx_word'/>
</head>
<body>
  <div class='ocr_page' id='page_1' title='image "./satirae00persgoog_0069.png"; bbox 0 0 3917 5475; ppageno 0'>
   <div class='ocr_carea' id='block_1_1' title="bbox 760 726 1052 774">
    <p class='ocr_par' dir='ltr' id='par_1_1' title="bbox 760 726 1052 774">
     <span class='ocr_line' id='line_1_1' title="bbox 760 726 1052 774; baseline 0.007 -2"><span class='ocrx_word' id='word_1_1' title='bbox 760 729 869 772; x_wconf 67' lang='lat' dir='ltr'><strong>sarias</strong></span> <span class='ocrx_word' id='word_1_2' title='bbox 886 730 907 773; x_wconf 87' lang='lat' dir='ltr'>L</span> <span class='ocrx_word' id='word_1_3' title='bbox 927 726 1052 774; x_wconf 78' lang='lat'><strong>17—-18.</strong></span> 
     </span>
    </p>
   </div>
   <div class='ocr_carea' id='block_1_2' title="bbox 466 901 1298 1078">
    <p class='ocr_par' dir='ltr' id='par_1_2' title="bbox 466 901 1298 1078">
     <span class='ocr_line' id='line_1_2' title="bbox 466 901 1298 977; baseline 0.002 -16"><span class='ocrx_word' id='word_1_4' title='bbox 466 902 592 962; x_wconf 75' lang='lat' dir='ltr'><strong>Scilicet</strong></span> <span class='ocrx_word' id='word_1_5' title='bbox 613 905 772 977; x_wconf 76' lang='lat' dir='ltr'><strong>exspectas</strong></span> <span class='ocrx_word' id='word_1_6' title='bbox 794 903 919 960; x_wconf 88' lang='lat' dir='ltr'><strong>solitum</strong></span> <span class='ocrx_word' id='word_1_7' title='bbox 940 901 998 960; x_wconf 92' lang='lat' dir='ltr'><strong>tibi</strong></span> <span class='ocrx_word' id='word_1_8' title='bbox 1018 905 1114 962; x_wconf 88' lang='lat' dir='ltr'><strong>moris</strong></span> <span class='ocrx_word' id='word_1_9' title='bbox 1136 904 1298 976; x_wconf 83' lang='lat' dir='ltr'><strong>honorem,</strong></span> 
     </span>
     <span class='ocr_line' id='line_1_3' title="bbox 506 1018 1210 1078; baseline 0.001 -1"><span class='ocrx_word' id='word_1_10' title='bbox 506 1018 646 1077; x_wconf 76' lang='lat' dir='ltr'><strong>Pendeat</strong></span> <span class='ocrx_word' id='word_1_11' title='bbox 667 1037 704 1075; x_wconf 81' lang='lat' dir='ltr'><strong>ex</strong></span> <span class='ocrx_word' id='word_1_12' title='bbox 725 1019 841 1076; x_wconf 88' lang='lat' dir='ltr'><strong>umeris</strong></span> <span class='ocrx_word' id='word_1_13' title='bbox 862 1018 957 1076; x_wconf 88' lang='lat' dir='ltr'><strong>vestis</strong></span> <span class='ocrx_word' id='word_1_14' title='bbox 977 1021 1012 1077; x_wconf 88' lang='lat' dir='ltr'><strong>ut</strong></span> <span class='ocrx_word' id='word_1_15' title='bbox 1034 1018 1103 1078; x_wconf 83' lang='lat' dir='ltr'><strong>alba</strong></span> <span class='ocrx_word' id='word_1_16' title='bbox 1123 1019 1210 1078; x_wconf 87' lang='lat' dir='ltr'><strong>meis.</strong></span> 
     </span>
    </p>
   </div>
   <div class='ocr_carea' id='block_1_3' title="bbox 342 1198 1425 1280">
    <p class='ocr_par' dir='ltr' id='par_1_3' title="bbox 342 1198 1425 1280">
     <span class='ocr_line' id='line_1_4' title="bbox 342 1198 1425 1280; baseline 0.001 -16"><span class='ocrx_word' id='word_1_17' title='bbox 342 1198 389 1264; x_wconf 83' lang='lat' dir='ltr'><strong>Cf.</strong></span> <span class='ocrx_word' id='word_1_18' title='bbox 412 1200 526 1263; x_wconf 88' lang='lat' dir='ltr'><strong>etiam.</strong></span> <span class='ocrx_word' id='word_1_19' title='bbox 548 1220 619 1280; x_wconf 84' lang='lat' dir='ltr'><strong>quae</strong></span> <span class='ocrx_word' id='word_1_20' title='bbox 639 1198 679 1261; x_wconf 91' lang='lat' dir='ltr'><strong>de</strong></span> <span class='ocrx_word' id='word_1_21' title='bbox 699 1200 805 1262; x_wconf 85' lang='lat' dir='ltr'><strong>natali</strong></span> <span class='ocrx_word' id='word_1_22' title='bbox 824 1200 937 1262; x_wconf 84' lang='lat' dir='ltr'><strong>uxoris</strong></span> <span class='ocrx_word' id='word_1_23' title='bbox 956 1199 1064 1277; x_wconf 58' lang='lat' dir='ltr'><strong>(Trist.</strong></span> <span class='ocrx_word' id='word_1_24' title='bbox 1084 1200 1121 1263; x_wconf 83' lang='lat' dir='ltr'><strong>V.</strong></span> <span class='ocrx_word' id='word_1_25' title='bbox 1144 1202 1173 1266; x_wconf 91' lang='lat'><strong>5.</strong></span> <span class='ocrx_word' id='word_1_26' title='bbox 1196 1203 1305 1280; x_wconf 82' lang='grc'><strong>6-7.)</strong></span> <span class='ocrx_word' id='word_1_27' title='bbox 1324 1200 1425 1265; x_wconf 88' lang='lat' dir='ltr'><strong>dicit:</strong></span> 
     </span>
    </p>
   </div>
   <div class='ocr_carea' id='block_1_4' title="bbox 465 1383 1286 1590">
    <p class='ocr_par' dir='ltr' id='par_1_4' title="bbox 465 1383 1286 1590">
     <span class='ocr_line' id='line_1_5' title="bbox 465 1383 1286 1462; baseline 0.007 -23"><span class='ocrx_word' id='word_1_28' title='bbox 465 1383 600 1459; x_wconf 74' lang='lat' dir='ltr'><strong>Quaque</strong></span> <span class='ocrx_word' id='word_1_29' title='bbox 623 1384 715 1442; x_wconf 89' lang='lat' dir='ltr'><strong>semel</strong></span> <span class='ocrx_word' id='word_1_30' title='bbox 738 1387 804 1443; x_wconf 90' lang='lat' dir='ltr'><strong>tcto</strong></span> <span class='ocrx_word' id='word_1_31' title='bbox 825 1383 919 1442; x_wconf 87' lang='lat' dir='ltr'><strong>vestis</strong></span> <span class='ocrx_word' id='word_1_32' title='bbox 940 1385 1020 1442; x_wconf 91' lang='lat' dir='ltr'><strong>mihi</strong></span> <span class='ocrx_word' id='word_1_33' title='bbox 1041 1386 1172 1444; x_wconf 77' lang='lat' dir='ltr'><strong>sumitur</strong></span> <span class='ocrx_word' id='word_1_34' title='bbox 1195 1407 1286 1462; x_wconf 89' lang='lat' dir='ltr'><strong>anno,</strong></span> 
     </span>
     <span class='ocr_line' id='line_1_6' title="bbox 506 1498 1096 1590; baseline 0.003 -32"><span class='ocrx_word' id='word_1_35' title='bbox 506 1498 744 1590; x_wconf 65' lang='lat' dir='ltr'><strong>Sumaturfatis</strong></span> <span class='ocrx_word' id='word_1_36' title='bbox 766 1499 899 1559; x_wconf 84' lang='lat' dir='ltr'><strong>discolor</strong></span> <span class='ocrx_word' id='word_1_37' title='bbox 920 1501 988 1560; x_wconf 87' lang='lat' dir='ltr'><strong>alba</strong></span> <span class='ocrx_word' id='word_1_38' title='bbox 1009 1503 1096 1561; x_wconf 90' lang='lat' dir='ltr'><strong>meis.</strong></span> 
     </span>
    </p>
   </div>
   <div class='ocr_carea' id='block_1_5' title="bbox 342 1712 1468 2843">
    <p class='ocr_par' dir='ltr' id='par_1_5' title="bbox 342 1712 1468 2843">
     <span class='ocr_line' id='line_1_7' title="bbox 343 1712 1468 1801; baseline 0.004 -26"><span class='ocrx_word' id='word_1_39' title='bbox 343 1745 349 1753; x_wconf 51' lang='lat'><strong>»</strong></span> <span class='ocrx_word' id='word_1_40' title='bbox 394 1712 433 1775; x_wconf 90' lang='lat' dir='ltr'><strong>V.</strong></span> <span class='ocrx_word' id='word_1_41' title='bbox 458 1714 598 1777; x_wconf 84' lang='lat'><strong>17--18.</strong></span> <span class='ocrx_word' id='word_1_42' title='bbox 620 1712 704 1780; x_wconf 82' lang='lat' dir='ltr'><strong>Sede</strong></span> <span class='ocrx_word' id='word_1_43' title='bbox 726 1715 812 1801; x_wconf 76' lang='lat' dir='ltr'><strong>lepos</strong></span> <span class='ocrx_word' id='word_1_44' title='bbox 840 1714 938 1794; x_wconf 65' lang='lat' dir='ltr'><strong>(telae,</strong></span> <span class='ocrx_word' id='word_1_45' title='bbox 967 1718 1146 1798; x_wconf 84' lang='lat' dir='ltr'><strong>pulpitum.</strong></span> <span class='ocrx_word' id='word_1_46' title='bbox 1167 1717 1225 1780; x_wconf 92' lang='lat' dir='ltr'><strong>ubi</strong></span> <span class='ocrx_word' id='word_1_47' title='bbox 1245 1718 1399 1782; x_wconf 85' lang='lat' dir='ltr'><strong>sedentes</strong></span> <span class='ocrx_word' id='word_1_48' title='bbox 1419 1740 1468 1780; x_wconf 87' lang='lat' dir='ltr'><strong>re-</strong></span> 
     </span>
     <span class='ocr_line' id='line_1_8' title="bbox 342 1829 1468 1915; baseline 0.005 -25"><span class='ocrx_word' id='word_1_49' title='bbox 342 1829 492 1891; x_wconf 88' lang='lat' dir='ltr'><strong>citabant</strong></span> <span class='ocrx_word' id='word_1_50' title='bbox 510 1833 627 1909; x_wconf 88' lang='lat' dir='ltr'><strong>poetae.</strong></span> <span class='ocrx_word' id='word_1_51' title='bbox 641 1868 685 1873; x_wconf 91' lang='lat'>—</span> <span class='ocrx_word' id='word_1_52' title='bbox 703 1829 832 1913; x_wconf 81' lang='lat' dir='ltr'><strong>liquido</strong></span> <span class='ocrx_word' id='word_1_53' title='bbox 854 1850 930 1895; x_wconf 81' lang='lat' dir='ltr'><strong>cnm</strong></span> <span class='ocrx_word' id='word_1_54' title='bbox 945 1832 1129 1915; x_wconf 83' lang='lat' dir='ltr'><strong>plasmate,</strong></span> <span class='ocrx_word' id='word_1_55' title='bbox 1149 1833 1182 1905; x_wconf 83' lang='lat' dir='ltr'><strong>ii,</strong></span> <span class='ocrx_word' id='word_1_56' title='bbox 1198 1833 1318 1914; x_wconf 90' lang='lat' dir='ltr'><strong>quibus</strong></span> <span class='ocrx_word' id='word_1_57' title='bbox 1336 1833 1468 1913; x_wconf 89' lang='lat' dir='ltr'><strong>publice</strong></span> 
     </span>
     <span class='ocr_line' id='line_1_9' title="bbox 342 1942 1467 2027; baseline 0.007 -22"><span class='ocrx_word' id='word_1_58' title='bbox 342 1942 524 2006; x_wconf 84' lang='lat' dir='ltr'><strong>dicendum</strong></span> <span class='ocrx_word' id='word_1_59' title='bbox 544 1949 623 2015; x_wconf 81' lang='lat' dir='ltr'><strong>erat,</strong></span> <span class='ocrx_word' id='word_1_60' title='bbox 644 1966 766 2027; x_wconf 85' lang='lat' dir='ltr'><strong>magna</strong></span> <span class='ocrx_word' id='word_1_61' title='bbox 786 1968 862 2010; x_wconf 89' lang='lat' dir='ltr'><strong>cum</strong></span> <span class='ocrx_word' id='word_1_62' title='bbox 882 1969 961 2011; x_wconf 87' lang='lat' dir='ltr'><strong>cura</strong></span> <span class='ocrx_word' id='word_1_63' title='bbox 984 1968 1100 2011; x_wconf 88' lang='lat' dir='ltr'><strong>vocem</strong></span> <span class='ocrx_word' id='word_1_64' title='bbox 1130 1949 1325 2013; x_wconf 83' lang='lat' dir='ltr'><strong>exercebant</strong></span> <span class='ocrx_word' id='word_1_65' title='bbox 1344 1951 1467 2013; x_wconf 83' lang='lat' dir='ltr'><strong>auxilio</strong></span> 
     </span>
     <span class='ocr_line' id='line_1_10' title="bbox 342 2060 1467 2147; baseline 0.009 -27"><span class='ocrx_word' id='word_1_66' title='bbox 342 2060 614 2140; x_wconf 80' lang='lat' dir='ltr'><strong>phonascorum3</strong></span> <span class='ocrx_word' id='word_1_67' title='bbox 647 2063 685 2123; x_wconf 88' lang='lat' dir='ltr'><strong>cf.</strong></span> <span class='ocrx_word' id='word_1_68' title='bbox 707 2061 797 2125; x_wconf 79' lang='lat' dir='ltr'><strong>Suet.</strong></span> <span class='ocrx_word' id='word_1_69' title='bbox 818 2064 901 2144; x_wconf 85' lang='lat' dir='ltr'><strong>Aug.</strong></span> <span class='ocrx_word' id='word_1_70' title='bbox 922 2063 984 2127; x_wconf 73' lang='lat'><strong>84:</strong></span> <span class='ocrx_word' id='word_1_71' title='bbox 1015 2063 1279 2127; x_wconf 85' lang='lat' dir='ltr'><strong>«Pronunciabat</strong></span> <span class='ocrx_word' id='word_1_72' title='bbox 1296 2065 1467 2147; x_wconf 82' lang='lat' dir='ltr'><strong>Augustus</strong></span> 
     </span>
     <span class='ocr_line' id='line_1_11' title="bbox 343 2174 1466 2262; baseline 0.008 -26"><span class='ocrx_word' id='word_1_73' title='bbox 343 2174 432 2237; x_wconf 84' lang='lat' dir='ltr'><strong>dulei</strong></span> <span class='ocrx_word' id='word_1_74' title='bbox 453 2179 487 2237; x_wconf 89' lang='lat' dir='ltr'><strong>et</strong></span> <span class='ocrx_word' id='word_1_75' title='bbox 505 2177 641 2257; x_wconf 85' lang='lat' dir='ltr'><strong>proprio</strong></span> <span class='ocrx_word' id='word_1_76' title='bbox 662 2177 807 2259; x_wconf 90' lang='lat' dir='ltr'><strong>quodam</strong></span> <span class='ocrx_word' id='word_1_77' title='bbox 831 2180 898 2241; x_wconf 90' lang='lat' dir='ltr'><strong>oris</strong></span> <span class='ocrx_word' id='word_1_78' title='bbox 927 2199 1010 2242; x_wconf 87' lang='lat' dir='ltr'><strong>sono</strong></span> <span class='ocrx_word' id='word_1_79' title='bbox 1039 2179 1203 2261; x_wconf 76' lang='lat' dir='ltr'><strong>dabatque</strong></span> <span class='ocrx_word' id='word_1_80' title='bbox 1232 2180 1364 2244; x_wconf 88' lang='lat' dir='ltr'><strong>assidue</strong></span> <span class='ocrx_word' id='word_1_81' title='bbox 1384 2183 1466 2262; x_wconf 90' lang='lat' dir='ltr'><strong>pho·</strong></span> 
     </span>
     <span class='ocr_line' id='line_1_12' title="bbox 342 2293 1466 2387; baseline 0.009 -34"><span class='ocrx_word' id='word_1_82' title='bbox 342 2311 445 2354; x_wconf 77' lang='lat' dir='ltr'><strong>nasso</strong></span> <span class='ocrx_word' id='word_1_83' title='bbox 465 2312 634 2374; x_wconf 80' lang='lat' dir='ltr'><strong>operam».</strong></span> <span class='ocrx_word' id='word_1_84' title='bbox 654 2293 778 2358; x_wconf 87' lang='lat' dir='ltr'><strong>Vocem</strong></span> <span class='ocrx_word' id='word_1_85' title='bbox 799 2316 948 2358; x_wconf 79' lang='lat' dir='ltr'><strong>exercere</strong></span> <span class='ocrx_word' id='word_1_86' title='bbox 978 2299 1029 2358; x_wconf 90' lang='lat' dir='ltr'><strong>est</strong></span> <span class='ocrx_word' id='word_1_87' title='bbox 1049 2297 1161 2361; x_wconf 87' lang='lat' dir='ltr'><strong>Graece</strong></span> <span class='ocrx_word' id='word_1_88' title='bbox 1188 2298 1327 2362; x_wconf 76' lang='grc' dir='ltr'>πλάττειν</span> <span class='ocrx_word' id='word_1_89' title='bbox 1352 2303 1466 2387; x_wconf 81' lang='grc' dir='ltr'><strong>φωνήν,</strong></span> 
     </span>
     <span class='ocr_line' id='line_1_13' title="bbox 343 2409 1466 2496; baseline 0.007 -28"><span class='ocrx_word' id='word_1_90' title='bbox 343 2409 456 2488; x_wconf 91' lang='lat' dir='ltr'><strong>ipsum</strong></span> <span class='ocrx_word' id='word_1_91' title='bbox 476 2412 589 2471; x_wconf 88' lang='lat' dir='ltr'><strong>autem</strong></span> <span class='ocrx_word' id='word_1_92' title='bbox 601 2411 691 2473; x_wconf 86' lang='lat' dir='ltr'><strong>vocis</strong></span> <span class='ocrx_word' id='word_1_93' title='bbox 706 2411 888 2479; x_wconf 74' lang='lat' dir='ltr'><strong>formanda</strong></span> <span class='ocrx_word' id='word_1_94' title='bbox 900 2412 1086 2482; x_wconf 82' lang='lat' dir='ltr'><strong>artificium.</strong></span> <span class='ocrx_word' id='word_1_95' title='bbox 1102 2413 1190 2495; x_wconf 90' lang='lat' dir='ltr'><strong>quod</strong></span> <span class='ocrx_word' id='word_1_96' title='bbox 1207 2434 1343 2477; x_wconf 80' lang='lat' dir='ltr'><strong>suavem</strong></span> <span class='ocrx_word' id='word_1_97' title='bbox 1362 2435 1466 2496; x_wconf 88' lang='lat' dir='ltr'><strong>quan-</strong></span> 
     </span>
     <span class='ocr_line' id='line_1_14' title="bbox 343 2523 1464 2613; baseline 0.003 -24"><span class='ocrx_word' id='word_1_98' title='bbox 343 2523 422 2590; x_wconf 85' lang='lat' dir='ltr'><strong>dam</strong></span> <span class='ocrx_word' id='word_1_99' title='bbox 450 2524 716 2590; x_wconf 87' lang='lat' dir='ltr'><strong>modulationem</strong></span> <span class='ocrx_word' id='word_1_100' title='bbox 739 2528 813 2590; x_wconf 85' lang='lat' dir='ltr'><strong>voci</strong></span> <span class='ocrx_word' id='word_1_101' title='bbox 841 2527 906 2595; x_wconf 85' lang='lat' dir='ltr'><strong>dat.</strong></span> <span class='ocrx_word' id='word_1_102' title='bbox 926 2530 1074 2613; x_wconf 80' lang='grc' dir='ltr'>πλάσμα;</span> <span class='ocrx_word' id='word_1_103' title='bbox 1104 2531 1142 2592; x_wconf 88' lang='lat' dir='ltr'><strong>cf.</strong></span> <span class='ocrx_word' id='word_1_104' title='bbox 1164 2529 1258 2593; x_wconf 88' lang='lat' dir='ltr'><strong>Prob.</strong></span> <span class='ocrx_word' id='word_1_105' title='bbox 1279 2530 1375 2610; x_wconf 76' lang='lat' dir='ltr'><strong>Verg.</strong></span> <span class='ocrx_word' id='word_1_106' title='bbox 1406 2531 1464 2592; x_wconf 88' lang='lat' dir='ltr'><strong>ecl.</strong></span> 
     </span>
     <span class='ocr_line' id='line_1_15' title="bbox 343 2641 1464 2726; baseline 0.004 -24"><span class='ocrx_word' id='word_1_107' title='bbox 343 2642 434 2721; x_wconf 84' lang='lat' dir='ltr'><strong>praef.</strong></span> <span class='ocrx_word' id='word_1_108' title='bbox 455 2660 487 2722; x_wconf 89' lang='lat' dir='ltr'><strong>p.</strong></span> <span class='ocrx_word' id='word_1_109' title='bbox 511 2641 584 2706; x_wconf 77' lang='lat'><strong>349.</strong></span> <span class='ocrx_word' id='word_1_110' title='bbox 606 2641 711 2706; x_wconf 86' lang='lat' dir='ltr'><strong>Lion:</strong></span> <span class='ocrx_word' id='word_1_111' title='bbox 745 2643 930 2721; x_wconf 80' lang='lat' dir='ltr'><strong>«Quoniam</strong></span> <span class='ocrx_word' id='word_1_112' title='bbox 950 2643 1121 2719; x_wconf 73' lang='lat' dir='ltr'><strong>(Aeneidut</strong></span> <span class='ocrx_word' id='word_1_113' title='bbox 1139 2647 1305 2726; x_wconf 89' lang='lat' dir='ltr'><strong>plasmate</strong></span> <span class='ocrx_word' id='word_1_114' title='bbox 1324 2647 1390 2726; x_wconf 83' lang='lat' dir='ltr'><strong>legi</strong></span> <span class='ocrx_word' id='word_1_115' title='bbox 1409 2664 1464 2707; x_wconf 85' lang='lat' dir='ltr'><strong>vo-</strong></span> 
     </span>
     <span class='ocr_line' id='line_1_16' title="bbox 342 2758 1463 2843; baseline 0.004 -22"><span class='ocrx_word' id='word_1_116' title='bbox 342 2758 532 2821; x_wconf 80' lang='lat' dir='ltr'><strong>luita.-Hoc</strong></span> <span class='ocrx_word' id='word_1_117' title='bbox 552 2759 716 2840; x_wconf 85' lang='lat' dir='ltr'><strong>plasmate</strong></span> <span class='ocrx_word' id='word_1_118' title='bbox 737 2761 835 2823; x_wconf 90' lang='lat' dir='ltr'><strong>multi</strong></span> <span class='ocrx_word' id='word_1_119' title='bbox 864 2760 1095 2831; x_wconf 80' lang='lat' dir='ltr'><strong>abutebantur,</strong></span> <span class='ocrx_word' id='word_1_120' title='bbox 1117 2783 1218 2843; x_wconf 89' lang='lat' dir='ltr'><strong>quare</strong></span> <span class='ocrx_word' id='word_1_121' title='bbox 1250 2763 1360 2841; x_wconf 82' lang='lat' dir='ltr'><strong>Quint.</strong></span> <span class='ocrx_word' id='word_1_122' title='bbox 1382 2762 1463 2825; x_wconf 90' lang='lat' dir='ltr'><strong>Inst.</strong></span> 
     </span>
    </p>
   </div>
   <div class='ocr_carea' id='block_1_6' title="bbox 343 2847 1464 2964">
    <p class='ocr_par' dir='ltr' id='par_1_6' title="bbox 343 2847 1464 2964">
     <span class='ocr_line' id='line_1_17' title="bbox 343 2847 1464 2964; baseline 0.004 -28"><span class='ocrx_word' id='word_1_123' title='bbox 343 2875 396 2964; x_wconf 81' lang='lat' dir='ltr'><strong>Or.</strong></span> <span class='ocrx_word' id='word_1_124' title='bbox 418 2872 442 2937; x_wconf 94' lang='lat' dir='ltr'><strong>I.</strong></span> <span class='ocrx_word' id='word_1_125' title='bbox 465 2876 494 2941; x_wconf 85' lang='lat'><strong>8.</strong></span> <span class='ocrx_word' id='word_1_126' title='bbox 510 2876 539 2936; x_wconf 67' lang='lat'><strong>9.</strong></span> <span class='ocrx_word' id='word_1_127' title='bbox 555 2873 652 2938; x_wconf 87' lang='lat' dir='ltr'><strong>dicit:</strong></span> <span class='ocrx_word' id='word_1_128' title='bbox 678 2847 745 2939; x_wconf 77' lang='lat' dir='ltr'><strong>«Sit</strong></span> <span class='ocrx_word' id='word_1_129' title='bbox 765 2881 877 2938; x_wconf 87' lang='lat' dir='ltr'><strong>autem</strong></span> <span class='ocrx_word' id='word_1_130' title='bbox 898 2878 1065 2958; x_wconf 89' lang='lat' dir='ltr'><strong>imprimis</strong></span> <span class='ocrx_word' id='word_1_131' title='bbox 1084 2878 1183 2941; x_wconf 88' lang='lat' dir='ltr'><strong>lectio</strong></span> <span class='ocrx_word' id='word_1_132' title='bbox 1203 2879 1373 2942; x_wconf 88' lang='lat' dir='ltr'><strong>virilis...</strong></span> <span class='ocrx_word' id='word_1_133' title='bbox 1396 2898 1464 2941; x_wconf 88' lang='lat' dir='ltr'><strong>non</strong></span> 
     </span>
    </p>
   </div>
   <div class='ocr_carea' id='block_1_7' title="bbox 330 2989 1463 4571">
    <p class='ocr_par' dir='ltr' id='par_1_7' title="bbox 330 2989 1463 4571">
     <span class='ocr_line' id='line_1_18' title="bbox 341 2989 1463 3076; baseline 0.003 -24"><span class='ocrx_word' id='word_1_134' title='bbox 341 2992 377 3052; x_wconf 91' lang='lat' dir='ltr'><strong>in</strong></span> <span class='ocrx_word' id='word_1_135' title='bbox 397 2992 566 3053; x_wconf 89' lang='lat' dir='ltr'><strong>canticum</strong></span> <span class='ocrx_word' id='word_1_136' title='bbox 593 2989 767 3065; x_wconf 89' lang='lat' dir='ltr'><strong>dissoluta,</strong></span> <span class='ocrx_word' id='word_1_137' title='bbox 789 3013 850 3054; x_wconf 87' lang='lat' dir='ltr'><strong>nec</strong></span> <span class='ocrx_word' id='word_1_138' title='bbox 879 2994 1053 3073; x_wconf 71' lang='lat' dir='ltr'><strong>plasmate.</strong></span> <span class='ocrx_word' id='word_1_139' title='bbox 1074 2997 1111 3057; x_wconf 93' lang='lat' dir='ltr'><strong>ut</strong></span> <span class='ocrx_word' id='word_1_140' title='bbox 1130 3015 1220 3057; x_wconf 89' lang='lat' dir='ltr'><strong>nunc</strong></span> <span class='ocrx_word' id='word_1_141' title='bbox 1250 3015 1268 3057; x_wconf 89' lang='lat' dir='ltr'><strong>a</strong></span> <span class='ocrx_word' id='word_1_142' title='bbox 1296 2996 1463 3076; x_wconf 82' lang='lat' dir='ltr'><strong>plerisque</strong></span> 
     </span>
     <span class='ocr_line' id='line_1_19' title="bbox 338 3105 1462 3190; baseline 0.004 -23"><span class='ocrx_word' id='word_1_143' title='bbox 338 3106 385 3173; x_wconf 77' lang='lat' dir='ltr'><strong>fit.</strong></span> <span class='ocrx_word' id='word_1_144' title='bbox 402 3105 626 3170; x_wconf 81' lang='lat' dir='ltr'><strong>effeminata».</strong></span> <span class='ocrx_word' id='word_1_145' title='bbox 647 3107 743 3169; x_wconf 86' lang='lat' dir='ltr'><strong>Hanc</strong></span> <span class='ocrx_word' id='word_1_146' title='bbox 764 3107 991 3172; x_wconf 85' lang='lat' dir='ltr'><strong>effeminatam</strong></span> <span class='ocrx_word' id='word_1_147' title='bbox 1003 3111 1167 3190; x_wconf 87' lang='lat' dir='ltr'><strong>plasmate</strong></span> <span class='ocrx_word' id='word_1_148' title='bbox 1179 3110 1358 3172; x_wconf 90' lang='lat' dir='ltr'><strong>lectionem</strong></span> <span class='ocrx_word' id='word_1_149' title='bbox 1374 3110 1462 3173; x_wconf 84' lang='lat' dir='ltr'><strong>vide-</strong></span> 
     </span>
     <span class='ocr_line' id='line_1_20' title="bbox 339 3223 1461 3306; baseline 0.003 -22"><span class='ocrx_word' id='word_1_150' title='bbox 339 3226 395 3284; x_wconf 90' lang='lat' dir='ltr'><strong>tur</strong></span> <span class='ocrx_word' id='word_1_151' title='bbox 425 3223 490 3284; x_wconf 90' lang='lat' dir='ltr'><strong>hoc</strong></span> <span class='ocrx_word' id='word_1_152' title='bbox 519 3224 592 3285; x_wconf 87' lang='lat' dir='ltr'><strong>loco</strong></span> <span class='ocrx_word' id='word_1_153' title='bbox 623 3224 756 3287; x_wconf 88' lang='lat' dir='ltr'><strong>Persius</strong></span> <span class='ocrx_word' id='word_1_154' title='bbox 789 3225 1033 3306; x_wconf 87' lang='lat' dir='ltr'><strong>reprehendere</strong></span> <span class='ocrx_word' id='word_1_155' title='bbox 1061 3227 1155 3290; x_wconf 80' lang='lat' dir='ltr'><strong>velle.</strong></span> <span class='ocrx_word' id='word_1_156' title='bbox 1187 3227 1319 3289; x_wconf 89' lang='lat' dir='ltr'><strong>Plasma</strong></span> <span class='ocrx_word' id='word_1_157' title='bbox 1349 3230 1461 3290; x_wconf 89' lang='lat' dir='ltr'><strong>autom</strong></span> 
     </span>
     <span class='ocr_line' id='line_1_21' title="bbox 339 3336 1459 3423; baseline 0.001 -21"><span class='ocrx_word' id='word_1_158' title='bbox 339 3336 512 3421; x_wconf 78' lang='lat' dir='ltr'><strong>liquidum</strong></span> <span class='ocrx_word' id='word_1_159' title='bbox 540 3343 644 3406; x_wconf 85' lang='lat' dir='ltr'><strong>vocat.</strong></span> <span class='ocrx_word' id='word_1_160' title='bbox 675 3341 752 3421; x_wconf 88' lang='lat' dir='ltr'><strong>quia</strong></span> <span class='ocrx_word' id='word_1_161' title='bbox 780 3361 895 3403; x_wconf 87' lang='lat' dir='ltr'><strong>vocem</strong></span> <span class='ocrx_word' id='word_1_162' title='bbox 924 3341 1086 3423; x_wconf 88' lang='lat' dir='ltr'><strong>liquidam</strong></span> <span class='ocrx_word' id='word_1_163' title='bbox 1114 3340 1230 3411; x_wconf 85' lang='lat' dir='ltr'><strong>reddit.</strong></span> <span class='ocrx_word' id='word_1_164' title='bbox 1260 3346 1298 3405; x_wconf 94' lang='lat' dir='ltr'><strong>ut</strong></span> <span class='ocrx_word' id='word_1_165' title='bbox 1324 3343 1408 3423; x_wconf 89' lang='lat' dir='ltr'><strong>prol.</strong></span> <span class='ocrx_word' id='word_1_166' title='bbox 1429 3343 1459 3403; x_wconf 79' lang='lat' dir='ltr'><strong>l.</strong></span> 
     </span>
     <span class='ocr_line' id='line_1_22' title="bbox 338 3453 1462 3538; baseline 0.004 -23"><span class='ocrx_word' id='word_1_167' title='bbox 338 3454 484 3516; x_wconf 81' lang='lat' dir='ltr'><strong>Pirenen</strong></span> <span class='ocrx_word' id='word_1_168' title='bbox 499 3453 685 3537; x_wconf 80' lang='lat' dir='ltr'><strong>pallidam,</strong></span> <span class='ocrx_word' id='word_1_169' title='bbox 705 3458 784 3537; x_wconf 89' lang='lat' dir='ltr'><strong>quia</strong></span> <span class='ocrx_word' id='word_1_170' title='bbox 811 3458 966 3520; x_wconf 88' lang='lat' dir='ltr'><strong>homines</strong></span> <span class='ocrx_word' id='word_1_171' title='bbox 991 3457 1134 3538; x_wconf 90' lang='lat' dir='ltr'><strong>pallidos</strong></span> <span class='ocrx_word' id='word_1_172' title='bbox 1155 3460 1251 3535; x_wconf 84' lang='lat' dir='ltr'><strong>faoit;</strong></span> <span class='ocrx_word' id='word_1_173' title='bbox 1282 3459 1390 3521; x_wconf 89' lang='lat' dir='ltr'><strong>simile</strong></span> <span class='ocrx_word' id='word_1_174' title='bbox 1412 3462 1462 3520; x_wconf 90' lang='lat' dir='ltr'><strong>est</strong></span> 
     </span>
     <span class='ocr_line' id='line_1_23' title="bbox 338 3568 1461 3651; baseline 0.001 -19"><span class='ocrx_word' id='word_1_175' title='bbox 338 3569 428 3651; x_wconf 89' lang='lat' dir='ltr'><strong>apud</strong></span> <span class='ocrx_word' id='word_1_176' title='bbox 456 3569 538 3633; x_wconf 86' lang='lat' dir='ltr'><strong>Hor.</strong></span> <span class='ocrx_word' id='word_1_177' title='bbox 561 3568 626 3634; x_wconf 85' lang='lat' dir='ltr'><strong>Sat.</strong></span> <span class='ocrx_word' id='word_1_178' title='bbox 647 3570 688 3634; x_wconf 89' lang='lat' dir='ltr'><strong>H.</strong></span> <span class='ocrx_word' id='word_1_179' title='bbox 711 3573 740 3640; x_wconf 83' lang='lat'><strong>5.</strong></span> <span class='ocrx_word' id='word_1_180' title='bbox 762 3572 823 3635; x_wconf 80' lang='lat'><strong>98:</strong></span> <span class='ocrx_word' id='word_1_181' title='bbox 857 3572 1086 3636; x_wconf 78' lang='lat' dir='ltr'><strong>«Crescentem</strong></span> <span class='ocrx_word' id='word_1_182' title='bbox 1115 3572 1256 3639; x_wconf 80' lang='lat' dir='ltr'><strong>tumidis</strong></span> <span class='ocrx_word' id='word_1_183' title='bbox 1285 3572 1365 3635; x_wconf 89' lang='lat' dir='ltr'><strong>infla</strong></span> <span class='ocrx_word' id='word_1_184' title='bbox 1394 3592 1461 3635; x_wconf 88' lang='lat' dir='ltr'><strong>ser-</strong></span> 
     </span>
     <span class='ocr_line' id='line_1_24' title="bbox 336 3685 1458 3770; baseline 0.005 -23"><span class='ocrx_word' id='word_1_185' title='bbox 336 3685 496 3748; x_wconf 88' lang='lat' dir='ltr'><strong>monibus</strong></span> <span class='ocrx_word' id='word_1_186' title='bbox 515 3690 656 3754; x_wconf 84' lang='lat' dir='ltr'><strong>utrem».</strong></span> <span class='ocrx_word' id='word_1_187' title='bbox 677 3687 735 3750; x_wconf 91' lang='lat' dir='ltr'><strong>ubi</strong></span> <span class='ocrx_word' id='word_1_188' title='bbox 755 3687 925 3752; x_wconf 67' lang='lat' dir='ltr'><strong>leucidum</strong></span> <span class='ocrx_word' id='word_1_189' title='bbox 948 3692 1093 3763; x_wconf 84' lang='lat' dir='ltr'><strong>vocatur,</strong></span> <span class='ocrx_word' id='word_1_190' title='bbox 1115 3688 1203 3770; x_wconf 90' lang='lat' dir='ltr'><strong>quod</strong></span> <span class='ocrx_word' id='word_1_191' title='bbox 1223 3692 1350 3751; x_wconf 87' lang='lat' dir='ltr'><strong>tumere</strong></span> <span class='ocrx_word' id='word_1_192' title='bbox 1371 3688 1458 3753; x_wconf 87' lang='lat' dir='ltr'><strong>facit.</strong></span> 
     </span>
     <span class='ocr_line' id='line_1_25' title="bbox 336 3800 1460 3887; baseline 0.001 -23"><span class='ocrx_word' id='word_1_193' title='bbox 336 3800 505 3864; x_wconf 90' lang='lat' dir='ltr'><strong>tumidum</strong></span> <span class='ocrx_word' id='word_1_194' title='bbox 525 3800 642 3865; x_wconf 85' lang='lat' dir='ltr'><strong>reddit.</strong></span> <span class='ocrx_word' id='word_1_195' title='bbox 663 3840 706 3846; x_wconf 90' lang='lat'><strong>—-</strong></span> <span class='ocrx_word' id='word_1_196' title='bbox 726 3804 907 3880; x_wconf 64' lang='lat' dir='ltr'><strong>‹voicluen&#39;s</strong></span> <span class='ocrx_word' id='word_1_197' title='bbox 928 3825 1030 3868; x_wconf 90' lang='lat' dir='ltr'><strong>sensu</strong></span> <span class='ocrx_word' id='word_1_198' title='bbox 1050 3807 1233 3869; x_wconf 89' lang='lat' dir='ltr'><strong>translato:</strong></span> <span class='ocrx_word' id='word_1_199' title='bbox 1263 3807 1401 3887; x_wconf 83' lang='lat' dir='ltr'><strong>plasma.</strong></span> <span class='ocrx_word' id='word_1_200' title='bbox 1422 3809 1460 3865; x_wconf 89' lang='lat' dir='ltr'><strong>ut</strong></span> 
     </span>
     <span class='ocr_line' id='line_1_26' title="bbox 334 3917 1458 4004; baseline 0.005 -25"><span class='ocrx_word' id='word_1_201' title='bbox 334 3921 436 3999; x_wconf 92' lang='lat' dir='ltr'><strong>potus</strong></span> <span class='ocrx_word' id='word_1_202' title='bbox 456 3917 601 3999; x_wconf 87' lang='lat' dir='ltr'><strong>quidam,</strong></span> <span class='ocrx_word' id='word_1_203' title='bbox 620 3922 735 3999; x_wconf 88' lang='lat' dir='ltr'><strong>guttur</strong></span> <span class='ocrx_word' id='word_1_204' title='bbox 750 3921 844 4001; x_wconf 88' lang='lat' dir='ltr'><strong>quasi</strong></span> <span class='ocrx_word' id='word_1_205' title='bbox 865 3921 989 3994; x_wconf 80' lang='lat' dir='ltr'><strong>colluit,</strong></span> <span class='ocrx_word' id='word_1_206' title='bbox 1012 3921 1149 3995; x_wconf 78' lang='lat' dir='ltr'><strong>collinit,</strong></span> <span class='ocrx_word' id='word_1_207' title='bbox 1172 3921 1308 3985; x_wconf 88' lang='lat' dir='ltr'><strong>emollit.</strong></span> <span class='ocrx_word' id='word_1_208' title='bbox 1332 3958 1371 3964; x_wconf 94' lang='lat'><em>-</em></span> <span class='ocrx_word' id='word_1_209' title='bbox 1387 3940 1458 4004; x_wconf 80' lang='lat' dir='ltr'><strong>pa-</strong></span> 
     </span>
     <span class='ocr_line' id='line_1_27' title="bbox 336 4032 1459 4118; baseline 0 -22"><span class='ocrx_word' id='word_1_210' title='bbox 336 4032 444 4098; x_wconf 79' lang='lat' dir='ltr'><strong>lranti</strong></span> <span class='ocrx_word' id='word_1_211' title='bbox 462 4032 594 4117; x_wconf 73' lang='lat' dir='ltr'><strong>fractas</strong></span> <span class='ocrx_word' id='word_1_212' title='bbox 616 4034 731 4117; x_wconf 83' lang='lat' dir='ltr'><strong>ocello,</strong></span> <span class='ocrx_word' id='word_1_213' title='bbox 751 4036 844 4098; x_wconf 89' lang='lat' dir='ltr'><strong>ouius</strong></span> <span class='ocrx_word' id='word_1_214' title='bbox 864 4036 952 4099; x_wconf 91' lang='lat' dir='ltr'><strong>oculi</strong></span> <span class='ocrx_word' id='word_1_215' title='bbox 980 4036 1118 4099; x_wconf 88' lang='lat' dir='ltr'><strong>libidine</strong></span> <span class='ocrx_word' id='word_1_216' title='bbox 1148 4036 1242 4100; x_wconf 85' lang='lat' dir='ltr'><strong>fracti</strong></span> <span class='ocrx_word' id='word_1_217' title='bbox 1263 4040 1349 4105; x_wconf 76' lang='lat' dir='ltr'><strong>sunt.</strong></span> <span class='ocrx_word' id='word_1_218' title='bbox 1371 4034 1459 4118; x_wconf 87' lang='lat' dir='ltr'><strong>quod</strong></span> 
     </span>
     <span class='ocr_line' id='line_1_28' title="bbox 330 4149 1457 4233; baseline 0.003 -23"><span class='ocrx_word' id='word_1_219' title='bbox 330 4150 476 4213; x_wconf 90' lang='lat' dir='ltr'><strong>omnino</strong></span> <span class='ocrx_word' id='word_1_220' title='bbox 496 4149 653 4212; x_wconf 88' lang='lat' dir='ltr'><strong>convenit</strong></span> <span class='ocrx_word' id='word_1_221' title='bbox 680 4150 819 4225; x_wconf 88' lang='lat' dir='ltr'><strong>homini,</strong></span> <span class='ocrx_word' id='word_1_222' title='bbox 841 4152 906 4233; x_wconf 85' lang='lat' dir='ltr'><strong>qui,</strong></span> <span class='ocrx_word' id='word_1_223' title='bbox 928 4156 965 4215; x_wconf 95' lang='lat' dir='ltr'><strong>ut</strong></span> <span class='ocrx_word' id='word_1_224' title='bbox 994 4153 1081 4215; x_wconf 87' lang='lat' dir='ltr'><strong>infra</strong></span> <span class='ocrx_word' id='word_1_225' title='bbox 1110 4153 1226 4224; x_wconf 82' lang='lat' dir='ltr'><strong>elucet,</strong></span> <span class='ocrx_word' id='word_1_226' title='bbox 1247 4154 1370 4216; x_wconf 89' lang='lat' dir='ltr'><strong>lasciva</strong></span> <span class='ocrx_word' id='word_1_227' title='bbox 1390 4172 1457 4214; x_wconf 88' lang='lat' dir='ltr'><strong>car-</strong></span> 
     </span>
     <span class='ocr_line' id='line_1_29' title="bbox 334 4263 1456 4348; baseline 0.001 -21"><span class='ocrx_word' id='word_1_228' title='bbox 334 4266 427 4328; x_wconf 85' lang='lat' dir='ltr'><strong>mina</strong></span> <span class='ocrx_word' id='word_1_229' title='bbox 446 4265 575 4329; x_wconf 87' lang='lat' dir='ltr'><strong>recitat.</strong></span> <span class='ocrx_word' id='word_1_230' title='bbox 596 4263 740 4330; x_wconf 82' lang='lat' dir='ltr'><strong>Putrore</strong></span> <span class='ocrx_word' id='word_1_231' title='bbox 760 4267 925 4348; x_wconf 84' lang='lat' dir='ltr'><strong>significat</strong></span> <span class='ocrx_word' id='word_1_232' title='bbox 938 4268 1001 4329; x_wconf 90' lang='lat' dir='ltr'><strong>hoc</strong></span> <span class='ocrx_word' id='word_1_233' title='bbox 1014 4269 1086 4331; x_wconf 89' lang='lat' dir='ltr'><strong>loeo</strong></span> <span class='ocrx_word' id='word_1_234' title='bbox 1100 4289 1170 4331; x_wconf 86' lang='lat' dir='ltr'><strong>rem</strong></span> <span class='ocrx_word' id='word_1_235' title='bbox 1181 4267 1367 4331; x_wconf 86' lang='lat' dir='ltr'><strong>Veneream</strong></span> <span class='ocrx_word' id='word_1_236' title='bbox 1380 4286 1456 4329; x_wconf 89' lang='lat' dir='ltr'><strong>con-</strong></span> 
     </span>
     <span class='ocr_line' id='line_1_30' title="bbox 335 4380 1455 4467; baseline 0.001 -24"><span class='ocrx_word' id='word_1_237' title='bbox 335 4400 523 4456; x_wconf 89' lang='lat' dir='ltr'><strong>summare;</strong></span> <span class='ocrx_word' id='word_1_238' title='bbox 539 4380 695 4465; x_wconf 77' lang='lat' dir='ltr'><strong>patratio</strong></span> <span class='ocrx_word' id='word_1_239' title='bbox 716 4383 816 4458; x_wconf 85' lang='lat' dir='ltr'><strong>enim,</strong></span> <span class='ocrx_word' id='word_1_240' title='bbox 835 4388 874 4446; x_wconf 87' lang='lat' dir='ltr'><strong>ut</strong></span> <span class='ocrx_word' id='word_1_241' title='bbox 893 4385 1020 4447; x_wconf 88' lang='lat' dir='ltr'><strong>scholia</strong></span> <span class='ocrx_word' id='word_1_242' title='bbox 1041 4386 1206 4467; x_wconf 83' lang='lat' dir='ltr'><strong>explicant</strong></span> <span class='ocrx_word' id='word_1_243' title='bbox 1226 4389 1258 4448; x_wconf 86' lang='lat' dir='ltr'><strong>et</strong></span> <span class='ocrx_word' id='word_1_244' title='bbox 1277 4385 1334 4447; x_wconf 80' lang='lat' dir='ltr'><strong>Th.</strong></span> <span class='ocrx_word' id='word_1_245' title='bbox 1356 4383 1455 4445; x_wconf 88' lang='lat' dir='ltr'><strong>Prisc.</strong></span> 
     </span>
     <span class='ocr_line' id='line_1_31' title="bbox 334 4497 1457 4571; baseline 0.001 -13"><span class='ocrx_word' id='word_1_246' title='bbox 334 4498 363 4571; x_wconf 59' lang='grc' dir='ltr'><strong>ι),</strong></span> <span class='ocrx_word' id='word_1_247' title='bbox 398 4497 447 4561; x_wconf 89' lang='lat' dir='ltr'><strong>ll.</strong></span> <span class='ocrx_word' id='word_1_248' title='bbox 479 4499 632 4571; x_wconf 86' lang='lat' dir='ltr'><strong>testatur,</strong></span> <span class='ocrx_word' id='word_1_249' title='bbox 662 4497 831 4562; x_wconf 89' lang='lat' dir='ltr'><strong>interdum</strong></span> <span class='ocrx_word' id='word_1_250' title='bbox 862 4502 909 4562; x_wconf 91' lang='lat' dir='ltr'><strong>rei</strong></span> <span class='ocrx_word' id='word_1_251' title='bbox 937 4499 1095 4564; x_wconf 82' lang='lat' dir='ltr'><strong>Venereae</strong></span> <span class='ocrx_word' id='word_1_252' title='bbox 1133 4501 1457 4564; x_wconf 85' lang='lat' dir='ltr'><strong>consummationem</strong></span> 
     </span>
    </p>
   </div>
   <div class='ocr_carea' id='block_1_8' title="bbox 386 4624 1367 4691">
    <p class='ocr_par' dir='ltr' id='par_1_8' title="bbox 386 4624 1367 4691">
     <span class='ocr_line' id='line_1_32' title="bbox 386 4624 1367 4691; baseline 0.002 -9"><span class='ocrx_word' id='word_1_253' title='bbox 386 4639 524 4691; x_wconf 66' lang='lat' dir='ltr'><strong>neaman:</strong></span> <span class='ocrx_word' id='word_1_254' title='bbox 536 4640 562 4681; x_wconf 75' lang='lat' dir='ltr'><strong>A.</strong></span> <span class='ocrx_word' id='word_1_255' title='bbox 578 4639 656 4681; x_wconf 70' lang='lat' dir='ltr'><strong>Perat</strong></span> <span class='ocrx_word' id='word_1_256' title='bbox 670 4640 754 4682; x_wconf 71' lang='lat' dir='ltr'><strong>rucei</strong></span> <span class='ocrx_word' id='word_1_257' title='bbox 769 4642 867 4685; x_wconf 65' lang='lat' dir='ltr'><strong>sacae.</strong></span> <span class='ocrx_word' id='word_1_258' title='bbox 1349 4624 1367 4675; x_wconf 83' lang='lat'>5</span> 
     </span>
    </p>
   </div>
   <div class='ocr_carea' id='block_1_9' title="bbox 0 0 1964 5475">
    <p class='ocr_par' dir='ltr' id='par_1_9' title="bbox 0 0 1964 5475">
     <span class='ocr_line' id='line_1_33' title="bbox 0 0 1964 5475; baseline 0 5"><span class='ocrx_word' id='word_1_259' title='bbox 0 0 1964 5475; x_wconf 95' lang='lat' dir='ltr'><strong> </strong></span> 
     </span>
    </p>
   </div>
  </div>
 </body>
</html>
