3917 5475
795 667 904 710 samaa
920 666 961 710 IV.
981 665 1038 711 30-
1045 665 1105 711 ³32.
1462 651 1515 702 “2325

390 843 493 923 igitur
511 839 616 902 Tusco
644 839 783 924 [αιϊυίω
811 841 953 910 catino».
984 841 1042 904 ubi
1070 840 1209 924 forrato
1232 845 1366 924 (orum)
1385 847 1514 927 pultem
1544 870 1546 875 ·

392 955 574 1038 significat3
606 955 679 1018 Juv.
715 954 800 1019 XIV.
836 957 917 1019 171:
957 956 1118 1038 «grandes
1153 957 1329 1020 fumabant
1363 961 1513 1041 pultibus

392 1071 507 1146 011ae»;
528 1069 624 1132 Mart.
645 1069 734 1132 XIII.
757 1071 785 1144 8,
811 1071 846 1134 l:
876 1070 1010 1134 «Imbue
1029 1071 1178 1152 plebeias
1198 1069 1345 1137 Clusinis
1364 1076 1515 1156 pultibus

392 1186 508 1249 ollas».
529 1185 671 1248 Notatur
690 1205 818 1256 avarus.
841 1186 897 1267 qui
917 1206 959 1248 ne
980 1184 1224 1268 Compitalibus
1245 1188 1380 1268 quidem
1398 1190 1515 1254 melio-

391 1320 444 1363 res
465 1300 581 1381 epulas
610 1301 714 1363 servis
733 1299 798 1368 dat.
821 1303 1024 1382 quamquam
1052 1302 1124 1382 ipse
1144 1300 1226 1365 Cato
1247 1300 1437 1377 Censorius,
1465 1325 1515 1369 se-

392 1437 476 1479 verae
496 1415 681 1497 disciplinae
710 1415 826 1490 cultor,
845 1415 896 1478 De
916 1437 940 1479 r.
962 1437 986 1478 r.
1009 1417 1060 1480 57.
1087 1415 1331 1498 Compitalibus
1348 1421 1418 1482 vini
1438 1441 1515 1484 con-

392 1533 464 1613 gios
483 1531 625 1612 siugulis
646 1531 749 1594 servis
762 1551 864 1612 supra
882 1531 925 1605 id,
947 1531 1036 1612 quod
1057 1532 1177 1595 cotidie
1196 1533 1240 1595 iis
1260 1533 1410 1609 dabatur,
1432 1556 1515 1616 prae-

393 1647 463 1710 beri
481 1646 584 1711 iubet
610 1683 655 1690 *
670 1646 788 1729 pueris
806 1643 1067 1730 plaudentibus
1089 1649 1167 1729 quia
1196 1650 1300 1730 pueri,
1321 1651 1343 1712 i.
1369 1671 1397 1713 e.
1418 1653 1514 1726 servi,

394 1764 478 1825 festo
499 1761 738 1842 Compitalium
759 1761 884 1835 eadem,
910 1782 976 1842 qua
996 1759 1238 1837 Saturnalibus,
1259 1763 1413 1827 libertate
1436 1785 1516 1846 gau-

394 1878 526 1942 debant.
548 1876 595 1941 Of.
624 1878 722 1941 Dion.
751 1878 860 1942 Halic.
882 1877 935 1942 IV.
961 1879 1020 1942 14:
1041 1876 1114 1950 Τοῖς
1140 1879 1231 1941 δὲτὰ
1254 1883 1324 1963 περί
1340 1890 1396 1942 των
1420 1885 1515 1960 γειτό-

395 2013 452 2055 νων
485 1989 552 2077 ἱερὰ
580 1996 773 2060 συντελοῦσιν
799 1993 916 2067 ἐντοῖς
940 1998 1122 2078 προνωπίοις
1151 1991 1186 2059 ob
1220 1998 1289 2068 τοὺς
1318 1993 1514 2080 ἐλευθέρους,

396 2107 478 2202 ἀλλὰ
503 2115 572 2184 τοὺς
597 2112 724 2186 δούλους
747 2112 834 2188 ἔταξε
861 2116 1011 2197 παρεῖναί.
1022 2135 1054 2175 τε
1077 2115 1131 2176 καί
1155 2123 1454 2196 συνιερουργεῖν...
1478 2113 1516 2198 ἣν

396 2225 440 2290 ἔτι
454 2230 509 2290 acl
527 2229 603 2291 καθ’
626 2225 710 2314 ἡμᾶς
742 2227 850 2315 ἑορτὴν
875 2227 999 2308 ἄγοντες
1031 2225 1181 2312 Ῥωμαῖοι
1209 2228 1371 2302 διετέλουν,
1398 2224 1516 2307 ὀλίγαις

396 2337 521 2426 ὕστερον
537 2340 671 2429 ἡμέραις
687 2355 743 2407 τῶν
760 2343 908 2427 Κρονίων,
927 2347 1042 2430 σεμνὴν
1059 2342 1169 2416 ἐντοῖς
1188 2348 1265 2407 πάνυ
1285 2347 1337 2408 καὶ
1354 2344 1516 2428 πολυτελῆ,

397 2457 596 2543 Κομπιτάλια
617 2463 895 2543 προσαγορεύοντες
924 2456 1020 2545 αὐτὴν
1050 2457 1098 2522 ἐπί
1126 2470 1183 2521 τῶν
1208 2470 1441 2523 στενωπῶν...
1466 2461 1521 2523 καί

397 2576 584 2662 φυλάττουσι
610 2577 663 2659 τὴν
684 2570 819 2659 ἀρχαίαν
848 2572 978 2658 ἐθισμὸν
1000 2571 1126 2636 ἐπὶτῶν
1151 2569 1248 2656 ἱερῶν,
1274 2572 1325 2635 διὰ
1351 2583 1408 2636 των
1424 2575 1519 2656 θερσι-

396 2695 510 2755 πόντων
528 2678 598 2763 τοὺς
618 2689 725 2778 ἥρωας
740 2686 939 2776 ἱλασκόμενοι
955 2692 1010 2755 καί
1029 2687 1108 2754 ἅπαν
1129 2693 1163 2753 τὸ
1181 2689 1289 2753 δοῦλον
1310 2685 1407 2754 αὐτῶν
1427 2687 1521 2779 ἀφαι-

398 2816 520 2890 ροῦντες
545 2805 576 2872 ἐν
600 2817 667 2879 ταῖς
696 2804 828 2893 ἡμέραις
855 2804 999 2879 ἐκείναις.
1020 2842 1064 2848 —
1086 2804 1285 2869 Ραιιιιοσαυι
1303 2805 1420 2891 faecem
1444 2824 1520 2870 νηο-

397 2922 518 2987 uentis
539 2914 651 2987 sorbet
679 2922 776 3001 aceti,
806 2942 933 2992 avarus,
966 2942 1010 2983 ne
1039 2921 1167 2983 dolium
1191 2921 1360 3001 integrum
1378 2921 1522 2983 relinere

399 3040 545 3119 cogatur,
567 3039 669 3101 etiam
686 3040 799 3101 faecem
820 3037 923 3100 ebibit
942 3038 1012 3099 vini
1029 3036 1184 3117 corrupti,
1206 3035 1294 3116 quod
1313 3036 1381 3097 iam
1400 3035 1437 3097 in
1450 3054 1522 3097 ace·

399 3156 472 3215 tum
491 3155 658 3216 mutatum
690 3158 749 3216 est.
770 3151 817 3216 Cf.
838 3152 918 3215 Hor.
943 3150 1010 3216 Sat.
1031 3151 1072 3213 Π.
1095 3152 1124 3225 2,
1146 3151 1207 3214 58:
1242 3150 1305 3212 «Ac
1328 3151 1395 3213 nisi
1414 3153 1523 3213 muta-

399 3274 471 3333 tum
490 3270 598 3351 parcit
625 3268 806 3331 defundere
834 3270 984 3331 vinum».
1005 3304 1049 3309 -
1067 3263 1265 3329 Prinassum
1287 3265 1416 3349 saecem,
1446 3266 1524 3346 quia

400 3387 462 3448 faen
479 3386 549 3448 vini
569 3385 716 3464 corrupti
735 3403 879 3456 mucore,
901 3383 998 3463 quasi
1017 3382 1151 3463 pannis,
1173 3381 1282 3444 obsita
1302 3384 1360 3443 est.
1381 3417 1426 3423 —
1445 3398 1522 3444 νηο-

398 3500 543 3566 riectc's.
565 3551 571 3563 .
591 3552 598 3564 .
619 3499 714 3572 oceli,
736 3500 889 3562 hocloco
914 3501 1049 3562 coetum
1069 3496 1235 3578 significat
1253 3497 1370 3559 vinum
1389 3514 1523 3576 corrup-

399 3618 482 3691 tum,
503 3635 656 3697 vappam,
678 3619 715 3677 ut
735 3613 824 3695 apud
842 3613 923 3676 Hor.
946 3612 1013 3676 Sat.
1035 3612 1076 3675 IL
1100 3614 1128 3686 3,
1153 3612 1348 3675 115—117:

562 3771 595 3831 Si
615 3774 726 3849 positis
747 3774 830 3829 intus
853 3770 923 3829 Chii
944 3768 1125 3844 veterisque
1146 3769 1272 3826 Falerni

563 3890 648 3947 Mille
670 3888 763 3959 cadis,
785 3888 866 3945 nihil
886 3889 941 3956 est,
963 3888 1137 3943 tercentum
1158 3883 1291 3955 milibus,
1314 3902 1383 3941 acre

561 4007 651 4066 Potet
672 4012 804 4075 acetum,

401 4214 487 4278 quos
505 4212 620 4258 versus
640 4191 772 4257 Persius
788 4191 826 4254 in
841 4211 940 4253 avaro
960 4188 1176 4252 describendo
1193 4187 1309 4269 procul
1328 4186 1428 4252 dubio
1448 4190 1526 4250 ante

403 4311 518 4377 oculos
537 4311 663 4374 habuit.
685 4309 827 4375 Acetum
844 4307 996 4372 moriens
1024 4309 1077 4390 est
1104 4306 1230 4380 vinum,
1252 4302 1340 4385 quod
1368 4305 1436 4370 iam
1456 4325 1527 4367 om-

403 4446 483 4490 nem
502 4426 570 4489 vim
595 4444 815 4507 saporemque
846 4422 969 4496 amisit,
990 4424 1031 4488 ut
1056 4423 1270 4506 ιωιριιοιιίιιυν
1299 4420 1448 4485 morietis
1476 4423 1528 4483 est

458 4566 592 4619 Novacum:
605 4566 631 4609 Α.
647 4565 726 4609 Persii
739 4563 823 4607 Flacci
838 4564 930 4609 Satiroe
1425 4544 1456 4593 15
