3917 5475
460 677 512 730 144
867 700 976 745 sarnai
991 701 1027 746 11.
1046 698 1169 744 τιν-58.

461 879 512 938 tus
531 895 574 937 so.
597 873 746 950 sudoris;
768 873 929 941 sudorem
946 878 1101 940 excutere
1118 877 1260 939 occurrit
1274 876 1363 956 apud
1381 876 1479 940 Corn.
1501 879 1582 958 Nep.

459 990 599 1052 Eumen.
632 991 672 1053 5:
708 990 790 1069 «Qui
820 994 932 1054 motus
951 1011 1022 1054 non
1050 991 1163 1075 minus
1199 989 1354 1054 sudorem
1386 992 1582 1067 excutiebat,

459 1125 560 1186 quam
580 1106 608 1168 si
627 1105 664 1190 in
683 1106 792 1186 spatio
812 1105 1030 1168 decurreret.»
1053 1142 1098 1150 —
1119 1105 1229 1170 lutari
1248 1103 1496 1189 prutrepidom
1515 1125 1584 1186 cor,

459 1239 517 1281 cor
535 1218 656 1299 gaudio
681 1221 826 1283 nimium
853 1220 1036 1302 trepidans,
1066 1222 1155 1284 iusto
1184 1221 1417 1284 vehementius
1446 1221 1581 1284 saliens

459 1331 507 1397 Of.
538 1332 790 1399 adnotationem
820 1335 861 1398 ad
880 1337 904 1399 L
925 1337 988 1400 020:
1013 1336 1181 1417 «Ingentis
1209 1335 1375 1417 trepidare
1395 1335 1515 1399 Titos.»
1539 1374 1584 1380 —-

461 1448 573 1514 lutare
587 1448 847 1534 praetrepidum,
870 1450 910 1514 de
929 1473 995 1515 usu
1015 1451 1173 1515 infinitivi
1202 1453 1241 1514 cf.
1268 1450 1520 1514 adnotationem
1541 1450 1583 1513 ad

458 1563 483 1627 J.
504 1565 566 1628 59:
591 1565 734 1628 «imitari
753 1566 917 1629 mobilis.»
940 1604 985 1611 —
999 1565 1259 1650 praetrepidum,
1279 1567 1342 1629 hoc
1362 1567 1435 1628 loco
1449 1564 1488 1628 de
1502 1586 1581 1646 gau-

458 1677 513 1742 dio
525 1701 533 1754 3
554 1678 594 1741 de
615 1700 738 1761 angore
758 1678 847 1744 Suet.
869 1682 937 1744 Tib.
960 1683 1011 1746 63.
1034 1686 1067 1745 et
1086 1683 1160 1745 Ner.
1181 1683 1243 1746 41:
1274 1680 1511 1763 «praetrepidus
1531 1703 1582 1744 se-

457 1799 589 1857 natus».

511 1910 547 1973 V.
569 1911 710 1975 55-58.
731 1909 822 1976 Hirro
840 1911 930 1977 illud
948 1911 1063 1993 suade,
1093 1917 1230 1994 propter
1248 1913 1386 1976 insitam
1407 1912 1582 1975 avaritiam

456 2024 542 2088 illud
561 2027 664 2089 subiit
683 2028 834 2090 animum
853 2031 958 2103 tuum,
986 2028 1073 2110 qnod
1094 2033 1154 2091 etc.
1174 2065 1219 2072 —
1242 2027 1357 2104 subiit,
1377 2029 1414 2089 in
1432 2029 1582 2096 mentem

456 2141 558 2213 venit,
580 2145 617 2204 ut
648 2142 705 2206 Ov.
736 2116 830 2206 Trist.
860 2143 918 2207 HI.
940 2145 969 2217 8,
993 2145 1053 2208 38:
1088 2142 1192 2222 «Quid
1212 2144 1275 2206 sim
1295 2141 1375 2224 quid
1395 2143 1581 2223 fuerimque

458 2256 587 2333 subit»;
617 2257 701 2321 Plin.
723 2259 760 2321 N.
781 2259 823 2322 H.
852 2259 981 2324 XXXV.
1012 2261 1074 2323 49:
1109 2259 1200 2338 «Qua
1223 2258 1507 2338 contemplatione
1530 2261 1582 2319 tot

457 2372 607 2436 colorum
627 2378 722 2438 tanta
749 2376 909 2439 varietate
939 2377 1028 2440 subit
1048 2376 1282 2456 antiquitatem
1306 2375 1462 2448 mirari»;
1482 2373 1578 2453 Verg.

457 2489 538 2552 Aen.
556 2489 597 2554 H.
620 2491 703 2555 560:
733 2492 853 2555 «subiit
872 2493 941 2556 cari
960 2493 1121 2573 genitoris
1140 2492 1283 2571 imago».
1305 2489 1432 2554 Ultima
1452 2488 1583 2569 syllaba

455 2604 548 2667 verbi
567 2605 671 2671 subiit
689 2608 725 2669 in
746 2609 812 2671 arsi
832 2608 994 2689 producta
1014 2611 1072 2682 est,
1093 2611 1131 2670 ut
1149 2607 1230 2669 Hor.
1253 2604 1319 2670 Sat.
1331 2606 1356 2669 I.
1369 2608 1398 2679 tl,
1412 2606 1472 2668 8⁶2:
1498 2603 1580 2682 «Qui

456 2742 526 2785 non
555 2720 705 2809 defendit
736 2724 801 2787 alio
831 2725 997 2806 culpante,
1029 2723 1188 2798 solutos»,
1220 2721 1285 2786 Sat.
1313 2722 1354 2785 Π.
1388 2721 1414 2796 1,
1441 2721 1501 2783 82ι
1527 2717 1580 2782 «Si

456 2837 547 2901 mala
570 2837 760 2904 condiderit
778 2842 814 2903 in
834 2861 934 2922 quem
958 2841 1032 2922 quis
1060 2840 1218 2912 carmina,
1248 2840 1301 2900 ius
1327 2842 1405 2900 est.»
1428 2874 1473 2879 —-
1492 2853 1580 2899 oraro

457 2970 574 3019 acerem
595 2952 686 3038 «laod
706 2959 803 3021 orato
824 2955 985 3021 Perducr's
1005 2955 1122 3039 facies,
1152 2953 1240 3036 quod
1260 2974 1340 3016 auro
1359 2953 1507 3016 victoriis
1527 2948 1580 3013 aa·

458 3071 581 3151 quisito
603 3073 703 3135 facies
724 3093 892 3135 sacrarum
913 3076 1100 3136 statuarum
1118 3069 1263 3134 obducis.
1282 3068 1367 3132 Nam
1387 3068 1476 3149 apud
1490 3048 1583 3131 vete-⁴

457 3206 510 3248 res
538 3206 630 3249 more
660 3193 830 3268 receptum
860 3190 939 3261 erat,
970 3191 1008 3249 ut
1037 3191 1164 3250 statuas
1193 3185 1332 3248 deorum
1361 3185 1446 3264 grati
1475 3182 1580 3245 animi

456 3301 659 3364 testificandi
687 3323 788 3365 causa
815 3302 868 3365 vel
896 3305 985 3365 totas
1012 3302 1066 3364 vel
1087 3306 1237 3383 exparte
1262 3298 1466 3363 inaurandas
1486 3317 1579 3360 cura-

457 3420 551 3492 rent3
580 3419 620 3480 cf.
641 3419 862 3499 Athenagorae
882 3417 994 3479 locum
1021 3420 1057 3495 (c.
1090 3418 1142 3482 26.
1173 3439 1204 3499 p.
1238 3419 1324 3495 30.):
1355 3414 1393 3480 Οἱ
1413 3420 1467 3502 μὲν
1491 3414 1581 3478 ἄλλοι

457 3529 634 3616 ἀνδριάντες
654 3542 707 3596 τοῦ
727 3532 915 3617 Νερυλλὶνου
935 3538 1085 3620 κόσμημα
1109 3530 1169 3596 εἰσι
1186 3533 1342 3619 δημόσιον,
1362 3530 1406 3604 εἷς
1427 3532 1460 3594 δὲ
1480 3527 1579 3595 αὐτῶν

456 3651 510 3712 καὶ
537 3652 736 3735 χρηματίζειν
766 3653 820 3713 καὶ
851 3646 962 3712 ἰᾶσθαι
993 3651 1147 3734 νομίζεται
1178 3652 1231 3711 καὶ
1259 3649 1386 3711 θύουσιν
1417 3623 1499 3731 abab
1525 3647 1580 3709 ant

456 3776 561 3849 χρυσῷ
580 3767 813 3854 τεριαλείροιισι
832 3769 885 3828 ναὶ
902 3772 1088 3853 στεφανοῦσι
1103 3769 1153 3828 τὸν
1175 3760 1340 3847 ἀνδριάντα
1360 3759 1389 3826 οἱ
1408 3760 1577 3845 Τρῳαδεῐς.

458 3879 592 3943 Statuas
612 3882 784 3944 inauratas
804 3881 949 3961 respexit
970 3880 1071 3942 etiam
1091 3880 1160 3941 Iuv.
1182 3879 1271 3942 XIII.
1297 3878 1489 3942 leo—ter:

576 4046 651 4104 Hac
671 4048 715 4106 ibi
737 4049 848 4105 sinon
871 4050 950 4116 sunt,
974 4048 1078 4105 minor
1100 4050 1200 4105 exstat
1221 4046 1395 4121 sacrilegus,
1420 4047 1472 4121 qui
1559 4119 1561 4123 .

577 4161 677 4219 Radat
697 4164 842 4221 inornati
864 4163 964 4221 femur
985 4162 1127 4221 Herculis
1149 4166 1180 4219 et
1200 4163 1315 4237 sociem.
1337 4165 1436 4237 ipsam

576 4279 722 4351 Neptuni,
746 4280 798 4353 qui
819 4280 1003 4338 brudrolura
1025 4278 1061 4336 de
1084 4279 1210 4339 Castore
1233 4278 1332 4338 ducat.

519 4485 627 4530 rcere.
649 4517 655 4529 .
675 4518 680 4529 .
702 4470 810 4541 scruto,
840 4467 948 4547 agitur
965 4466 1005 4529 de
1035 4486 1116 4529 auro
1140 4466 1287 4529 victoriis
1308 4468 1470 4548 acquisito
1492 4466 1579 4529 etin
