3917 5475
761 657 871 701 sanas
885 657 908 701 1.
931 652 1091 704 rra-114.
1436 632 1484 686 111

360 854 489 919 urerer,
516 857 587 899 non
611 855 699 908 curo,
722 855 792 897 non
815 831 1017 899 contradico.
1038 868 1082 874 -
1109 829 1200 916 Euge
1224 850 1351 911 6611196,
1370 850 1486 898 cortica·
1515 807 1517 814 ¹

360 954 454 1035 bene,
476 954 572 1017 vobis
596 951 752 1015 omnibus
780 951 927 1013 acclamo
953 948 1175 1022 laudationes,
1204 968 1287 1029 quas
1315 947 1485 1013 auditores

359 1069 593 1133 recitatoribus
613 1067 796 1130 acclamare
817 1066 935 1130 solent.
964 1064 1015 1127 De
1040 1083 1122 1150 66696
1140 1063 1215 1128 vide
1234 1083 1280 1127 vs.
1301 1064 1354 1127 49.
1376 1067 1409 1126 et
1428 1063 1484 1127 ad-

357 1185 570 1248 notationem
598 1183 640 1246 ad
669 1183 700 1245 h.
730 1183 772 1257 l.;
793 1181 881 1263 quod
904 1180 945 1244 ad
971 1181 1054 1245 berte
1078 1179 1207 1248 attinet.
1229 1181 1268 1242 cf.
1289 1177 1369 1243 Hor.
1389 1180 1426 1243 A.
1448 1179 1482 1243 P.

357 1301 538 1366 497-4028
552 1325 560 1364 :

479 1415 585 1474 Nolito
608 1412 647 1472 ad
667 1431 773 1471 versus
795 1409 851 1469 tibi
873 1410 971 1468 factos
993 1407 1103 1468 ducere
1125 1409 1252 1483 plenum

478 1529 629 1598 nauum
653 1526 799 1586 clamabit
819 1528 921 1585 enim:
942 1525 1079 1600 pulchre,
1102 1525 1186 1600 benc.
1208 1527 1300 1582 recte.

353 1788 399 1795 κ
420 1751 522 1816 iniria
546 1751 639 1816 critis
662 1769 726 1831 rea,
746 1770 863 1813 omnes
888 1750 981 1811 eritis
1005 1747 1102 1830 quasi
1125 1747 1286 1809 miracula
1311 1748 1399 1812 orbis
1418 1751 1483 1810 ter-

354 1887 480 1930 rarum.
513 1904 558 1910 —-
585 1864 658 1931 Hoc
687 1862 811 1931 166611)
839 1866 901 1927 hoc
930 1863 1046 1927 audire
1074 1861 1258 1925 iucundum
1287 1865 1337 1926 est
1365 1863 1484 1927 vobis?

352 1980 590 2062 Interrogatio.
611 1986 649 2044 ut
668 1980 757 2062 apud
775 1980 857 2043 Hor.
877 1977 943 2043 Sat.
964 1978 989 2041 J.
1014 1979 1041 2049 1.
1063 1977 1214 2043 76-78:

477 2153 528 2210 An
549 2148 676 2223 vigilare
698 2150 783 2206 metu
804 2147 988 2216 exanimem,
1010 2148 1176 2222 noctesque
1198 2144 1323 2222 diesque

477 2264 644 2327 Fomidare
665 2265 764 2323 malos
785 2264 879 2334 fures,
900 2263 1053 2331 incendia,
1076 2281 1188 2331 servos,

476 2384 523 2442 Ne
545 2384 575 2440 te
598 2381 766 2455 compilant
785 2380 946 2455 fugientes,
968 2382 1025 2438 hoc
1047 2381 1164 2438 tritara

406 2572 445 2636 V.
472 2572 657 2635 11a--11a
679 2568 757 2652 Hic,
776 2569 905 2653 inquis,
926 2571 998 2635 octo
1024 2567 1210 2652 qaisquam
1229 2565 1321 2652 (accit
1345 2565 1482 2644 cletum,

354 2692 391 2752 tu
410 2708 568 2771 proceres
587 2707 641 2750 res
661 2706 771 2751 sacras
792 2705 864 2751 esse
883 2685 986 2749 velis:
1015 2685 1125 2766 legem
1154 2685 1228 2757 fers,
1251 2702 1315 2765 qua
1342 2680 1403 2751 illi.
1425 2680 1482 2763 qui

354 2823 511 2885 proceres
530 2803 687 2870 laeserint.
709 2822 801 2884 aeque
820 2802 1014 2884 puniantur,
1030 2820 1067 2863 ao
1084 2800 1112 2863 si
1132 2820 1264 2863 sacrum
1275 2798 1387 2862 locum
1400 2799 1481 2860 ster-

353 2938 431 2982 core
450 2920 601 2982 humano
620 2918 879 3000 inquinaverint.
901 2918 986 2980 Nam
1006 2937 1099 2979 sacra
1114 2917 1187 2979 loca
1203 2916 1379 2997 inquinare
1392 2911 1482 2996 apud

354 3035 514 3116 antiquos
534 3054 671 3097 summae
690 3034 875 3115 impietatis
891 3032 1085 3096 habebatur.
1103 3033 1195 3095 Porta
1208 3034 1318 3095 iocose
1329 3031 1482 3093 imitatur

355 3151 513 3232 antiquas
531 3150 622 3231 leges
651 3150 855 3224 archaismis‚
876 3153 915 3211 ut
940 3149 1041 3234 forsit,
1074 3170 1146 3231 quae
1176 3153 1226 3211 est
1252 3152 1348 3212 vetus
1377 3146 1480 3210 futuri

355 3267 462 3329 exacti
490 3267 598 3329 forma
618 3268 651 3327 61
670 3266 812 3328 occurrit
829 3266 867 3329 in
885 3266 959 3347 lege
978 3265 1154 3328 duodecim
1181 3264 1371 3327 tabularum
1390 3260 1480 3345 apud

355 3380 441 3446 Gell
463 3381 501 3444 N.
523 3381 559 3443 A.
581 3382 633 3455 10,
658 3381 684 3455 1,
709 3381 769 3450 ta..
790 3380 926 3459 oletum,
948 3380 988 3443 de
1017 3400 1081 3462 quo
1110 3381 1202 3444 Paul.
1224 3380 1310 3443 Fest.
1334 3401 1357 3443 s.
1384 3398 1413 3443 v.
1435 3380 1477 3459 (p.

354 3473 429 3560 ddi.
450 3496 499 3560 ed
514 3497 726 3575 Thewrewk):
748 3493 923 3561 wiotum:
940 3500 1066 3561 stercus
1082 3497 1277 3560 humanum.
1295 3495 1478 3559 Veranius:

354 3612 573 3677 Sacerdotula
600 3614 637 3675 in
665 3613 808 3675 sacrario
836 3612 983 3676 Martiali
1013 3615 1091 3677 iecit
1119 3613 1277 3679 cletum».
1301 3650 1345 3657 »-
1372 3608 1478 3699 Pioqe

354 3728 443 3794 duos
462 3728 601 3814 anquis,
621 3728 783 3808 religione
803 3727 944 3791 defende
956 3749 1111 3811 proceres
1125 3729 1165 3792 ab
1182 3730 1314 3793 iniuria.
1329 3729 1476 3811 Antiqui.

353 3846 383 3910 si
402 3865 503 3928 quem
521 3845 634 3907 locum
653 3843 694 3905 ab
713 3845 946 3925 inquinatione
966 3846 1144 3909 defendere
1156 3848 1343 3921 voluerunt,
1359 3846 1478 3927 anguis

352 3961 538 4042 imaginem
558 3960 790 4042 appinxerunt
812 3980 883 4042 quae
904 3961 1016 4025 locum
1040 3963 1135 4044 quasi
1165 3983 1295 4026 sacrum
1323 3961 1476 4025 reddidit.

352 4077 483 4158 Anguis
508 4076 598 4138 enim
627 4075 826 4156 significavit
853 4077 990 4156 genium
1024 4079 1110 4153 loci;
1137 4080 1176 4142 cl.
1206 4078 1301 4159 Verg.
1330 4080 1411 4142 Aen.
1438 4077 1475 4141 V.

353 4193 497 4257 95-96.
518 4190 559 4253 de
580 4211 689 4272 angue
702 4211 720 4253 e
733 4192 862 4255 tumulo
878 4193 1033 4256 Anchisae
1053 4197 1272 4276 prorepente:
1298 4194 1475 4266 «Incertus,

351 4307 537 4393 qettiumttc
558 4306 621 4371 loci
640 4307 849 4371 famulumne
868 4310 1018 4390 parentis
1042 4310 1124 4373 Esse
1151 4302 1279 4392 putet».
1300 4348 1344 4355 -
1362 4305 1477 4391 Haeo,

352 4441 450 4488 sacer
469 4422 519 4488 cst
544 4421 765 4504 1669666166
790 4421 899 4504 Metro,
928 4424 1103 4506 inscriptio
1132 4425 1273 4505 imagini
1301 4426 1474 4506 apposita;
