3917 5475
837 632 946 677 emm
960 631 1009 676 ΠΙ.
1026 630 1149 676 27—30.

593 813 633 872 m
652 813 746 872 libate
767 809 872 887 dapes,
893 812 936 879 nl,
957 809 1038 884 graii
1058 810 1170 885 pignus
1191 807 1327 876 honoris,

632 929 758 989 Nutriat
775 925 929 987 ineinoeos
948 927 1045 983 missa
1064 924 1179 1001 patella
1198 924 1303 982 Lares.

320 1175 345 1194 ··
432 1156 513 1221 Haee
531 1154 658 1238 palella
672 1172 791 1219 seeum
815 1156 873 1228 est,
895 1153 973 1233 quia
990 1150 1028 1214 in
1047 1149 1146 1214 domo
1165 1149 1305 1213 modieis
1334 1147 1452 1230 opibus
1471 1167 1552 1230 gau-

435 1271 535 1335 denle
550 1290 620 1333 non
640 1271 690 1333 esi
709 1269 739 1333 ei
758 1267 955 1342 limandum,
968 1287 1012 1329 ne
1032 1265 1173 1347 dapibus
1192 1264 1313 1328 honori
1337 1263 1475 1327 deorum
1493 1261 1551 1326 do-

433 1386 647 1451 mesticorum
665 1383 841 1449 destinatis
861 1381 1043 1452 definialur.

484 1500 522 1565 V.
543 1502 683 1566 27-30.
705 1497 779 1564 Hoc
806 1496 923 1566 salise
950 1498 1042 1561 Nihil
1071 1501 1121 1562 esi
1148 1497 1297 1571 ulterius,
1328 1517 1393 1578 quo
1421 1495 1549 1586 tendas,

434 1618 554 1700 prater
571 1617 675 1680 vitam
694 1621 871 1680 securam?
885 1615 1014 1678 Altiora
1033 1635 1103 1678 non
1123 1613 1278 1695 appetis?
1300 1649 1345 1657 —
1363 1610 1419 1676 Aa
1437 1610 1551 1678 deeeol

428 1729 629 1818 pulmonem
644 1749 803 1817 rumpere
815 1730 934 1810 verilis,
945 1733 1035 1794 reale
1051 1731 1196 1794 soholia:
1221 1729 1291 1792 «An
1304 1730 1435 1810 oporiel
1449 1731 1483 1790 te
1500 1748 1551 1790 ar-

431 1848 585 1930 rogantia
601 1847 758 1911 inflalum
776 1847 961 1912 dissilirel»
984 1883 1030 1891 —-
1048 1845 1229 1912 Slemmole
1249 1842 1340 1928 qnoel
1364 1841 1467 1910 Tusco
1486 1862 1550 1909 ro-

431 1980 527 2028 mum
545 1963 723 2029 millesime
743 1961 859 2045 elmis;
877 1965 940 2028 hoe
957 1964 1032 2026 loeo
1051 1965 1194 2027 stemma
1211 1959 1375 2042 signifieat
1389 1959 1549 2036 tabulam,

430 2079 488 2143 ubi
505 2079 670 2160 imagines
689 2079 855 2143 maiorum
874 2083 969 2143 erant
993 2079 1130 2160 depielae
1151 2080 1184 2140 el
1201 2077 1291 2140 inier
1310 2097 1344 2139 se
1365 2075 1550 2139 eoniunelae

430 2195 531 2258 lineis
560 2194 710 2258 ordinem
739 2195 874 2258 familiae
899 2195 1162 2260 ostendentibus.
1193 2191 1342 2258 Stemma
1375 2195 1486 2256 autem
1513 2192 1551 2255 in

432 2307 516 2373 alrio
535 2311 679 2392 proponi
699 2310 835 2376 solebat.
856 2310 902 2375 Cf.
925 2309 1014 2376 Suel.
1035 2311 1109 2374 Ner.
1131 2311 1193 2375 37:
1223 2309 1414 2374 «Oleieaium
1434 2309 1503 2385 eei,
1518 2360 1548 2374 ..

432 2424 545 2489 Cassio
566 2425 718 2507 Longino
733 2428 817 2490 iuris
833 2428 986 2492 consulto
1004 2426 1240 2490 solaminibus
1261 2426 1385 2502 orbam,
1407 2424 1495 2507 quod
1513 2426 1551 2490 in

430 2543 541 2605 vetere
560 2541 677 2623 gentili
695 2546 869 2608 slommole
888 2543 922 2608 C.
937 2543 1044 2608 Cassii
1062 2543 1267 2624 percussoris
1285 2542 1454 2629 imopmes
1473 2543 1550 2606 reli-

431 2654 601 2733 nuieset»;
629 2657 714 2721 Plin.
744 2659 781 2722 N.
813 2659 855 2724 H„
875 2659 1007 2723 XXXV.
1039 2660 1078 2724 ὃς
1111 2682 1122 2716 a
1130 2656 1314 2722 Stemmata
1343 2679 1421 2722 vero
1454 2657 1551 2724 lineis

431 2772 660 2837 diseurrebanl
679 2774 722 2838 ad
737 2776 903 2857 imagines
921 2778 1068 2859 pioias»;
1089 2776 1162 2839 Juv.
1183 2774 1270 2840 VIII.
1294 2776 1397 2841 1-—32

550 2932 721 2992 Stemmata
743 2934 817 3010 quid
837 2936 963 3010 faciunt,
988 2934 1060 3012 quid
1081 2932 1214 3012 prodest,
1237 2934 1372 3005 Pontiae,
1395 2935 1487 3009 longo

550 3047 705 3123 Sanguine
727 3052 854 3121 censeri,
877 3052 976 3128 piatos
999 3048 1159 3110 oslendere
1179 3053 1281 3109 villius

548 3164 701 3224 Maiarum
714 3187 720 3236 ;

430 3352 518 3419 Suet.
540 3352 633 3419 Galb.
648 3355 687 3419 X:
712 3354 915 3436 «Imperalor
932 3374 1011 3418 vero
1032 3355 1133 3418 eiiam
1153 3360 1295 3419 stemma
1308 3357 1346 3419 in
1364 3356 1454 3423 almo
1473 3377 1549 3441 pro·

427 3470 585 3552 posuerit,
611 3490 675 3551 quo
699 3474 874 3551 palernam
902 3471 1066 3552 originem
1095 3470 1135 3534 ad
1158 3471 1280 3546 Iovem,
1302 3476 1488 3538 maternam
1508 3474 1551 3539 ad

427 3584 628 3665 Pasiphaam
637 3584 761 3649 Minois
772 3605 910 3649 uxerem
926 3588 1094 3651 referret».
1106 3586 1344 3654 -Slemmole
1358 3641 1364 3655 .
1378 3642 1384 3653 .
1400 3640 1406 3653 .
1432 3588 1551 3673 msa,

427 3700 506 3782 quia
522 3701 620 3763 mulii
639 3720 815 3783 procerum
830 3701 1059 3767 Romanorum
1074 3704 1221 3767 Etrusca
1238 3708 1333 3768 erant
1350 3705 1497 3789 originis,
1511 3710 1550 3770 ui

426 3812 591 3878 Maecenas
610 3818 660 3893 (of.
680 3815 761 3879 Hor.
783 3816 889 3881 Oarm.
910 3818 968 3881 IH.
990 3820 1041 3892 m,
1066 3820 1092 3882 1.
1115 3817 1181 3883 Sar.
1201 3819 1226 3883 Ι.
1246 3821 1274 3891 6,
1296 3821 1336 3899 1.)
1356 3823 1549 3886 alfortense

426 3926 559 4006 Persius
576 3930 659 4012 ipse,
680 3937 780 3995 natus
798 3934 836 3996 in
853 3934 988 3996 Etruria
1005 3935 1197 3999 volaterris.
1218 3974 1263 3981 -
1280 3955 1420 4001 romum
1436 3936 1548 4003 melle-

428 4042 514 4107 slme
540 4043 636 4111 deols
664 4068 745 4129 pro:
777 4068 907 4113 ramum
930 4051 1150 4115 millesimum
1178 4052 1270 4115 ducis
1281 4076 1288 4128 ;
1320 4053 1414 4116 mille
1445 4053 1548 4117 habes

427 4178 514 4234 avos.
525 4196 570 4204 -
581 4179 732 4246 ramum,
743 4164 877 4240 lineam,
892 4187 958 4248 qua
976 4168 1140 4249 imagines
1159 4169 1326 4231 maiorum
1346 4172 1442 4232 arani
1458 4169 1549 4232 inter

427 4294 461 4336 se
481 4276 684 4353 eoniunotae3
705 4280 744 4341 of.
766 4280 850 4344 Plin.
872 4282 909 4345 N.
929 4282 972 4347 H.
993 4282 1122 4348 XXXV.
1145 4285 1179 4348 6.=
1196 4304 1298 4366 supra
1314 4282 1403 4348 lauri
1420 4282 1548 4347 Eodem

426 4409 526 4453 sensu
546 4394 688 4457 oeeurrit
704 4396 806 4482 virgo
825 4398 914 4479 apud
931 4399 1005 4462 lav,
1026 4398 1113 4464 VHI.
1134 4400 1240 4464 7-82
1274 4399 1399 4463 «multa
1417 4398 1549 4462 eontin-
