3917 5475
453 649 507 704 2¹8
862 669 972 715 sirau
988 670 1029 714 1v.
1050 668 1172 714 remae.

455 847 512 911 III
536 848 617 912 110:
643 846 809 911 «Candida
828 847 930 909 vicini
950 847 1087 908 subrisit
1110 847 1211 908 molle
1231 846 1362 926 puella»
1388 848 1420 908 et
1440 846 1577 910 adnota-

454 964 582 1026 tionem
612 963 653 1026 ad
685 964 716 1026 h.
737 963 758 1025 l.
788 962 837 1024 De
857 983 892 1024 re
920 963 995 1042 ipsa
1025 962 1063 1024 cf.
1094 962 1177 1024 Plat.
1207 961 1311 1024 Alcib.
1337 961 1361 1024 I.
1383 982 1414 1042 p.
1440 961 1510 1026 104.
1530 961 1579 1025 A:

456 1073 524 1141 Οἴει
547 1081 606 1161 γὰρ
638 1078 675 1164 δὴ
706 1075 785 1142 εἶναι
809 1088 925 1160 πρῶτον
954 1081 1008 1162 μὲν
1028 1078 1193 1150 κάλλιστός
1222 1099 1254 1139 τε
1274 1080 1329 1140 καὶ
1356 1082 1506 1162 μέγιστος,
1517 1078 1579 1140 aad
1634 1066 1637 1073 ¹
1777 1110 1784 1151 ς

455 1201 543 1257 τοῦτο
559 1197 614 1280 μὲν
639 1194 677 1280 δὴ
703 1197 791 1258 παντὶ
811 1193 904 1277 δῆλον
922 1190 1006 1266 idaia
1032 1191 1079 1256 ὅτι
1099 1189 1133 1256 ob
1150 1193 1264 1277 ψεύδει.
1286 1230 1330 1236 —
1349 1190 1442 1266 Este,
1466 1190 1578 1255 Graece

455 1305 528 1389 εἷεν,
546 1308 631 1370 bene
652 1312 710 1382 est,
732 1328 801 1370 non
821 1307 1029 1381 contradico;
1051 1308 1089 1369 cf.
1112 1307 1152 1369 lI.
1173 1308 1225 1370 tn.
1246 1345 1291 1350 --
1309 1305 1403 1371 Dum
1422 1326 1463 1372 ue
1483 1304 1577 1372 dete-

455 1423 529 1488 rius
549 1424 662 1507 sopiat
686 1421 866 1507 pctcnucic
893 1421 1036 1502 Batauis,
1055 1422 1236 1486 dummodo
1252 1422 1435 1497 concedas,
1457 1426 1490 1485 te
1509 1443 1580 1485 non

457 1561 528 1603 esse
549 1539 786 1620 sapientiorem
815 1537 980 1612 Baucide;
1006 1534 1090 1601 dum
1109 1556 1149 1600 ne
1170 1539 1206 1599 in
1226 1539 1393 1600 sententia
1414 1537 1579 1601 condicio-

455 1655 534 1729 nali,
556 1659 593 1717 ut
624 1654 689 1718 Cic.
720 1654 762 1717 ad
790 1655 855 1716 Att.
885 1653 972 1716 VIII.
998 1654 1055 1716 11:
1090 1653 1176 1734 «Ego
1205 1655 1232 1715 si
1261 1655 1314 1715 cui
1339 1654 1447 1716 adhuc
1464 1653 1580 1716 videor

456 1773 590 1854 segnior
608 1772 721 1846 fuisse,
742 1771 822 1834 dum
841 1791 884 1832 ne
903 1770 965 1832 tibi
979 1771 1103 1845 videar,
1124 1792 1194 1834 non
1212 1771 1356 1834 laboro.»
1373 1766 1578 1833 —delerius

456 1888 579 1972 supini,
611 1888 813 1970 sapientiam
842 1887 1040 1951 deteriorem
1068 1887 1198 1953 habeat.
1219 1926 1264 1933 κ
1282 1887 1468 1973 pavonacea,
1492 1906 1578 1950 anus

456 2004 495 2067 de
515 2003 631 2066 infima
651 2004 747 2084 plebe
767 2004 889 2084 pannis
910 2004 1018 2066 obsita
1029 2028 1037 2079 3
1058 2005 1097 2068 cf.
1119 2005 1250 2067 Petron.
1271 2006 1312 2069 l:
1337 2003 1479 2081 «(vestis)
1495 2023 1577 2083 pan-

455 2121 572 2182 nucia»
598 2123 629 2182 et
650 2119 795 2182 scholia:
821 2139 1014 2200 «pannucea
1033 2120 1215 2200 vulgariter
1237 2141 1297 2201 pro
1317 2139 1470 2200 pannosa
1485 2118 1577 2191 dixit,

454 2236 493 2298 id·
509 2239 560 2298 est
578 2236 701 2316 pannis
732 2235 871 2297 obsita».
892 2273 936 2277 —
955 2233 1093 2312 Baucis,
1115 2256 1200 2297 anus
1225 2255 1326 2317 supra
1349 2255 1395 2298 vs.
1419 2235 1469 2299 19.
1490 2254 1578 2296 corn-

455 2354 648 2414 memorata.
670 2351 800 2414 Nomen
820 2349 971 2414 Graecum
984 2351 1156 2423 muliebre,
1177 2351 1392 2413 notissimum
1412 2370 1451 2412 ex
1466 2349 1581 2411 fabula

456 2468 496 2529 de
516 2466 713 2530 Philemone
744 2470 776 2528 et
803 2465 948 2529 Baucide
961 2491 970 2541 ;·
990 2468 1029 2529 cf.
1051 2467 1107 2529 Ov.
1138 2465 1216 2529 Met.
1242 2465 1329 2528 VIII.
1351 2466 1425 2530 630.
1447 2484 1515 2546 sqq.
1536 2500 1581 2506 —

458 2579 545 2646 Cum
563 2581 643 2645 bene
661 2579 822 2645 discincto
840 2580 1028 2645 ccrctcoeril
1047 2580 1159 2644 cetrae
1176 2600 1299 2659 cerum,
1320 2601 1395 2642 cum
1414 2581 1506 2643 olera
1519 2601 1580 2642 sua

456 2697 620 2761 cantando
640 2697 725 2760 bene
744 2697 931 2760 laudaverit
947 2717 1057 2760 vernae
1074 2697 1245 2760 discincto.
1269 2693 1400 2761 Baucis
1421 2697 1511 2760 enim
1529 2698 1579 2758 est

455 2814 682 2899 λαχανόπωλις,
703 2834 775 2894 quae
794 2814 886 2875 olera
898 2815 934 2875 in
955 2814 1025 2876 foro
1042 2813 1203 2876 venditet
1221 2834 1348 2875 merces
1369 2833 1447 2875 suas
1467 2832 1579 2875 coram
1622 2821 1627 2827 '
1649 2853 1653 2861 ·

456 2928 661 3009 emptoribus
680 2929 716 2991 in
736 2928 852 2990 caelum
871 2928 964 2991 effert
983 2928 1159 3002 laudibus;
1179 2946 1286 2992 verua
1305 2933 1417 2991 autem
1438 2931 1488 2989 est
1507 2924 1578 3007 ἀγο-

455 3049 581 3131 ραστής,
610 3044 666 3125 qui
687 3043 814 3105 domini
838 3044 932 3106 iussu
961 3044 1052 3105 olera
1071 3044 1107 3104 in
1127 3044 1197 3105 foro
1218 3044 1347 3105 coemit.
1369 3042 1453 3105 Cum
1477 3043 1579 3124 igitur

454 3161 575 3223 Baucis
594 3180 721 3221 meroes
751 3162 925 3222 suastam
954 3159 1039 3221 bene
1066 3158 1190 3226 laudat.
1216 3159 1347 3221 videtur
1367 3158 1492 3232 eadem,
1514 3177 1578 3238 qua

454 3276 642 3339 Alcibiades
670 3276 721 3353 (cf.
750 3296 797 3337 vs
829 3277 888 3339 17:
926 3279 1044 3337 cuncta
1074 3276 1194 3337 vixisse
1221 3276 1381 3356 patella»)
1412 3275 1578 3356 sapientia

455 3393 525 3455 uti:
558 3412 727 3454 summum
757 3391 882 3453 bonum
913 3392 949 3453 in
975 3393 1044 3453 vita
1073 3396 1190 3473 putare
1220 3391 1310 3455 cibos
1339 3392 1508 3454 delicatos.
1533 3426 1578 3433 —-

456 3508 535 3572 benc
550 3559 556 3571 .
572 3559 598 3572 ..
623 3507 818 3581 cantavcrit,
837 3507 1030 3570 adverbium
1052 3507 1131 3572 bene
1151 3529 1220 3571 non
1241 3511 1291 3569 est
1310 3528 1386 3569 cum
1405 3505 1577 3581 discinctc,

455 3624 512 3687 sed
532 3644 607 3686 curn
621 3622 809 3689 conlocarit
827 3623 1053 3703 iungendum
1076 3628 1215 3689 cantare
1232 3626 1345 3685 autem
1365 3622 1577 3685 referendum

455 3745 504 3802 est
524 3739 565 3802 ad
584 3759 712 3802 morem
724 3739 927 3811 institorum,
946 3739 1003 3819 qui
1015 3759 1142 3801 merces
1163 3759 1249 3812 suas,
1270 3743 1308 3800 ut
1327 3738 1426 3803 hodie
1446 3756 1576 3819 quoque

454 3855 628 3917 observare
647 3854 733 3926 licet,
749 3873 824 3916 cum
840 3854 1069 3916 modulatione
1090 3854 1233 3935 quadam
1253 3854 1428 3916 clamando
1450 3856 1576 3933 empto-

454 3970 545 4032 ribus
565 3969 821 4044 commendant;
852 3972 891 4032 cf.
914 3968 1028 4033 Senec.
1049 3970 1108 4051 Ep.
1128 3971 1180 4038 56.
1202 3973 1243 4034 d:
1278 3970 1367 4032 «lam
1390 3968 1501 4032 libarii
1520 3986 1576 4029 va-

454 4085 520 4147 rias
541 4086 798 4147 exclamationes
823 4089 856 4147 et
874 4085 1079 4148 botularium
1100 4091 1132 4148 et
1151 4086 1387 4148 crustularium
1408 4089 1441 4147 et
1460 4103 1576 4146 omnes

453 4201 655 4280 popinarum
682 4201 853 4263 institores
882 4222 1010 4264 merces
1030 4222 1091 4264 sua
1110 4201 1253 4283 quadarn
1274 4205 1306 4262 et
1325 4202 1487 4281 insignita
1505 4219 1575 4261 mo-

454 4314 625 4377 dulatione
644 4317 859 4379 vendentes».
882 4315 946 4380 Sed
965 4337 1041 4379 cum
1061 4319 1199 4380 cuutcrc
1219 4316 1307 4396 apud
1326 4320 1443 4397 poetas
1463 4316 1575 4396 saepis-

454 4430 537 4492 sime
567 4430 730 4511 signifieet
759 4430 930 4496 contundo
958 4429 1112 4505 laudare,
1138 4431 1220 4494 bene
1247 4432 1387 4495 coactare
1416 4431 1575 4494 hocloco

928 4979 970 4988 μ
