3917 5475
489 702 524 755 30
961 724 1070 767 sarrai
1086 724 1135 768 111.

535 897 653 963 Stertis
673 898 780 961 adhuc
799 899 976 980 laxumque
996 901 1095 980 caput
1115 917 1274 981 compage
1294 899 1401 962 soluta
1497 930 1511 947 .·

535 1014 662 1079 Osoitst
681 1016 875 1078 hesternum
895 1013 1032 1078 dissutis
1052 1013 1199 1095 undique
1215 1015 1338 1078 malis?

445 1157 471 1196 eo
533 1130 594 1194 Est
613 1129 746 1212 aliquid,
765 1133 833 1211 'quo
852 1128 963 1193 tendis
984 1134 1016 1192 et
1035 1131 1071 1192 in
1091 1129 1179 1211 quod
1198 1129 1320 1212 derigis
1340 1152 1462 1199 arcum.

533 1248 586 1310 An
604 1246 731 1328 passim
750 1246 898 1328 sequeris
917 1266 1033 1310 corvos
1052 1249 1203 1329 testaque
1223 1247 1358 1329 lutoque

534 1360 686 1436 Securus,
708 1383 772 1443 quo
791 1382 851 1444 pes
870 1363 963 1437 ferat,
986 1367 1084 1443 atque
1105 1383 1142 1425 ex
1160 1366 1310 1444 tempore
1329 1364 1437 1427 vivis?

533 1477 727 1540 Elleborum
745 1478 876 1550 fmstra‚
898 1497 974 1540 oum
993 1478 1061 1540 iam
1081 1478 1166 1541 oritis
1186 1498 1272 1558 aegra
1291 1479 1441 1547 tumebit.

533 1593 706 1657 Poscentis
724 1592 855 1655 videas:
875 1593 1025 1654 venienti
1045 1593 1205 1655 occurrite
1223 1593 1350 1668 morbo,
1394 1602 1400 1611 “

532 1710 575 1772 Et
594 1708 674 1790 quid
693 1728 776 1790 opus
797 1708 931 1772 Cratero
952 1728 1092 1789 magnos
1111 1710 1306 1792 promittere
1327 1710 1477 1774 montis?

532 1826 667 1898 Discite,
691 1845 709 1887 o
729 1825 852 1897 miseri,
874 1828 908 1887 et
926 1845 1044 1889 causas
1064 1826 1252 1905 cognoscite
1272 1845 1403 1889 rerum:

534 1940 621 2020 Quid
640 1961 756 2004 sumus
776 1944 809 2004 et
828 1939 988 2022 quidnam
1007 1941 1128 2003 victuri
1147 1942 1323 2022 gignimur,
1346 1940 1425 2004 ordo

534 2058 615 2135 Quis
634 2056 732 2120 datus
752 2061 810 2119 aut
827 2060 925 2120 meta
945 2077 1011 2138 qua
1029 2057 1140 2120 mollis
1159 2056 1264 2121 flexus
1284 2062 1316 2119 et
1334 2056 1433 2131 unde,

534 2174 615 2252 Quis
634 2172 753 2236 modus
771 2176 922 2277 argenta
940 2173 1019 2254 quid
1039 2174 1088 2237 ias
1109 2177 1232 2255 optare.
1255 2172 1333 2253 quid
1354 2193 1450 2255 asper

533 2289 622 2354 Utile
642 2308 801 2377 nummus
820 2289 929 2363 habet,
950 2290 1066 2371 patrias
1086 2290 1236 2370 carisque
1255 2288 1454 2371 propinquis
1494 2284 1495 2287 '

535 2406 705 2483 Quantum
725 2406 856 2486 elargiri
877 2404 1001 2481 deceat,
1022 2426 1122 2487 quem
1141 2409 1173 2468 te
1193 2405 1275 2468 deus
1296 2426 1368 2469 esse

533 2520 636 2584 Iussit
655 2522 687 2583 et
706 2520 855 2584 humana
874 2541 939 2601 qua
957 2525 1052 2603 parte
1072 2522 1199 2583 locatus
1220 2541 1254 2584 es
1273 2521 1310 2582 in
1330 2542 1374 2584 re.

510 2685 514 2697 ‚
533 2636 651 2711 Disoes
663 2655 724 2698 nec
742 2636 902 2709 invideas,
925 2636 1013 2718 quod
1032 2638 1139 2700 multa
1156 2636 1268 2700 fidelia
1286 2640 1381 2720 putet

533 2753 573 2816 In
592 2754 758 2835 locuplete
776 2773 867 2835 penu
886 2751 1033 2815 defensis
1051 2754 1232 2835 pinguibus
1251 2754 1394 2829 Umbris,

445 2897 456 2938 i
532 2871 574 2933 Et
593 2870 690 2952 piper
709 2873 741 2932 et
759 2889 880 2949 perna,
901 2869 1005 2932 Marsi
1025 2874 1243 2932 monumenta
1263 2870 1403 2946 clientis,

533 2986 708 3067 Maenaque
729 2984 816 3066 quod
834 2986 943 3067 prima
962 2984 1114 3048 nondum
1133 2985 1290 3048 defecerit
1310 3005 1394 3049 orca.

577 3100 642 3164 Hic
661 3101 781 3182 aliquis
801 3099 841 3162 de
860 3104 959 3180 gente
978 3101 1110 3163 hircosa
1130 3102 1365 3164 centurionum

533 3216 649 3280 Dicat:
674 3215 787 3295 «Quod
807 3216 909 3297 sapio,
933 3217 1014 3279 satis
1035 3219 1084 3278 est
1103 3217 1196 3280 mihi.
1217 3217 1291 3279 Non
1312 3237 1372 3297 ege
1390 3237 1467 3279 euro

533 3334 624 3407 Esse,
646 3333 734 3415 quod
752 3333 916 3395 Arcesilas
936 3334 1181 3415 aerumnosique
1201 3333 1341 3397 Solones

536 3451 674 3533 Obstipo
695 3451 803 3532 eapite
824 3453 856 3512 et
874 3449 1015 3531 figentes
1034 3450 1161 3513 lumine
1180 3454 1313 3521 terram,

533 3567 706 3630 Murmura
725 3587 801 3628 cum
822 3587 934 3630 secum
954 3570 987 3628 et
1006 3565 1138 3629 rabiosa
1158 3566 1291 3629 silentia
1310 3566 1433 3628 rodunt

533 3682 641 3764 Atque
661 3687 851 3765 exporrecto
871 3683 1079 3745 trutinantur
1097 3682 1196 3745 verba
1214 3682 1345 3755 labello

532 3798 669 3879 Aegroti
686 3798 807 3860 veteris
827 3795 1027 3860 meditantes
1047 3798 1186 3869 somnia,
1208 3797 1299 3877 gigni

532 3914 582 3977 De
601 3913 709 3976 nihilo
728 3914 882 3983 nihilum,
902 3914 940 3975 in
958 3914 1103 3975 nihilum
1122 3913 1171 3975 nil
1189 3931 1287 3994 posse
1306 3913 1437 3980 reverti·

534 4029 608 4093 Hoc
628 4032 686 4099 est,
708 4026 796 4109 quod
815 4029 946 4110 palles?
964 4027 1031 4091 Cur
1049 4029 1123 4109 quis
1142 4048 1212 4090 non
1230 4026 1401 4110 prandeat,
1423 4029 1486 4092 hoc
1507 4029 1598 4093 estP»

532 4145 596 4209 His
614 4146 759 4228 populus
780 4144 872 4220 ridet,
894 4146 1103 4226 multumque
1123 4149 1235 4208 torosa
1258 4146 1414 4209 iuventus

534 4262 725 4358 ingeminat
743 4262 905 4325 tremulos
924 4281 1007 4324 naso
1028 4261 1194 4343 crispante
1214 4261 1404 4324 cachinnos.

583 4377 741 4460 «Inspice.
763 4378 875 4440 nescio
896 4376 975 4459 quid
995 4376 1138 4460 trepidat
1157 4378 1242 4440 mihi
1260 4382 1376 4459 pectus
1397 4380 1428 4440 et
1448 4377 1543 4458 aegris

533 4494 699 4559 Faucibus
719 4497 894 4576 exsuperat
913 4493 1022 4574 gravis
1042 4493 1176 4560 halitus.
1197 4494 1325 4575 inspice
1346 4491 1460 4556 sodes»
