3917 5475
865 675 869 682 ’
887 681 999 726 surm
1014 683 1056 727 vl.
1077 681 1197 726 18--22

638 856 827 915 Hesternum
850 857 957 916 solitus
980 857 1082 916 medio
1106 876 1227 915 servare
1249 857 1380 914 minutal

640 970 813 1048 Septembri
835 992 891 1032 neo
912 993 977 1030 non
1000 972 1123 1031 differre
1143 975 1178 1030 in
1199 976 1339 1048 tempora
1359 991 1442 1031 oenae

639 1087 773 1147 Alterius
794 1088 945 1146 eonoham
967 1090 1106 1147 aestivam
1128 1108 1198 1147 oum
1218 1090 1305 1163 parte
1327 1088 1434 1146 lacerti

639 1202 799 1278 Signatum

543 1445 628 1490 uaso
649 1425 806 1512 teupisse,
838 1429 875 1489 ut
903 1426 927 1488 ii
957 1426 1075 1497 solent,
1106 1427 1253 1507 quirem
1274 1427 1421 1509 aliquam
1449 1433 1605 1492 accurate

481 1541 674 1626 inspiciunt.
711 1539 884 1628 Tetipisse,
915 1543 974 1606 inf.
1003 1544 1085 1624 perf.
1107 1563 1168 1624 pro
1187 1544 1246 1606 inf.
1267 1564 1383 1625 praes.;
1404 1545 1442 1606 of.
1465 1542 1606 1607 adnota-

482 1657 610 1722 tionem
631 1656 673 1721 ad
691 1658 715 1721 Ι.
737 1659 799 1722 4⁶2:
824 1660 1036 1724 «meruisse».

535 1770 640 1838 Pars
665 1772 852 1839 secunda
871 1772 910 1852 (v.
928 1775 1080 1853 18—24.)
1106 1773 1231 1841 Verum
1250 1775 1382 1840 nonita
1398 1793 1515 1840 omnes
1527 1795 1606 1841 seu-

485 1887 591 1953 tiuot:
612 1885 665 1954 hio
683 1888 851 1973 triparcos
864 1892 922 1966 est,
936 1890 996 1955 ille
1006 1889 1184 1976 prodique.
1208 1889 1299 1956 Saue
1311 1891 1418 1967 boote,
1438 1910 1515 1976 quoe
1526 1892 1607 1976 quis

485 2001 592 2075 trahet.
624 2003 810 2072 liberaliter·
837 2005 1003 2071 utendum
1023 2009 1069 2072 est
1086 2026 1196 2091 oeque
1216 2011 1331 2072 tamea
1352 2007 1528 2073 luxuriose
1546 2007 1604 2072 oi-

483 2115 639 2188 notorium.

536 2235 572 2300 V.
597 2235 652 2302 18-
684 2237 735 2301 it.
763 2236 936 2322 Mserepet
967 2236 1020 2302 his
1049 2238 1160 2320 ulius;
1187 2238 1364 2302 dissentiat
1383 2260 1402 2302 a
1420 2260 1475 2303 me
1494 2241 1530 2302 in
1549 2240 1605 2303 his

485 2350 590 2422 robus,
613 2353 778 2434 quivult:
809 2373 868 2434 ego
897 2375 966 2417 non
986 2375 1075 2418 auro.
1104 2351 1309 2438 Discreporo
1328 2375 1404 2418 oum
1424 2354 1544 2428 dativo,
1566 2357 1607 2417 ut

484 2465 563 2532 Hor.
586 2465 651 2532 Sat.
672 2468 697 2531 Ι.
720 2471 748 2544 6,
770 2471 920 2535 99-93:
954 2471 1071 2552 «longe
1094 2491 1170 2533 mea
1193 2468 1360 2551 discrepat
1382 2472 1457 2534 istis
1480 2470 1523 2533 Et
1540 2490 1607 2534 vox

485 2586 517 2643 et
540 2583 644 2646 ratio»
669 2588 701 2646 et
720 2584 778 2664 Ep.
800 2585 842 2646 II.
863 2586 893 2654 ἓ.
927 2586 1120 2651 193-194ε
1154 2583 1262 2648 «Scire
1289 2586 1410 2657 volam,
1441 2588 1607 2666 quantum

485 2696 626 2781 simplex
653 2698 835 2781 hilarisque
865 2701 981 2781 nepoti
1009 2700 1200 2783 Disorepet»
1235 2705 1266 2763 et
1291 2699 1357 2765 Sat.
1378 2701 1420 2765 ΙΙ.
1442 2701 1472 2776 3,
1496 2699 1607 2767 108—-

488 2814 568 2880 109:
593 2817 667 2898 «qui
695 2816 861 2899 discrepat
889 2820 971 2893 istie,
1006 2820 1068 2898 Qui
1097 2839 1253 2881 nummos
1282 2838 1465 2900 aurumque
1489 2837 1607 2880 recon-

484 2929 563 2993 dit».
584 2968 629 2975 —
651 2929 823 3011 Geminos,
848 2932 1042 3018 horoscope,
1068 2952 1149 2997 voro
1169 2932 1337 2998 Pooduois
1356 2933 1479 3019 purim·
1496 2933 1607 2996 homi-

484 3068 544 3112 nes
564 3049 646 3113 adeo
675 3050 795 3113 diversi
828 3054 914 3122 eunt,
936 3054 1035 3113 utne
1055 3052 1180 3132 gemini
1209 3050 1352 3132 quidem.
1374 3050 1429 3131 qui
1451 3049 1511 3113 sub
1534 3069 1606 3111 uno

485 3164 592 3229 sidere
611 3170 804 3236 naseuntur,
827 3166 943 3229 eadem
970 3165 1084 3229 indole
1112 3169 1268 3229 utantur:
1299 3186 1384 3248 saepe
1409 3165 1500 3228 onim
1519 3164 1608 3227 alter

485 3303 603 3347 avarus
622 3286 680 3353 est,
703 3283 787 3346 alter
805 3283 972 3365 prodigus.
995 3282 1042 3347 of.
1063 3282 1144 3345 Hor.
1165 3282 1225 3361 Ep.
1246 3282 1288 3344 Π.
1309 3282 1339 3353 02,
1364 3279 1558 3343 183—189:

624 3441 685 3502 Gur
706 3442 783 3499 alter
804 3442 935 3501 fratrum
957 3461 1075 3500 cessare
1098 3445 1128 3500 et
1149 3440 1254 3499 ludere
1276 3443 1307 3497 et
1328 3440 1423 3513 ungui

621 3558 768 3616 Praeferat
788 3557 921 3616 Herodis
943 3558 1086 3632 palmetis
1107 3555 1281 3632 pinguibus,
1304 3556 1381 3613 alter

622 3674 716 3733 Dives
739 3676 769 3731 et
788 3675 985 3749 importunus
1007 3673 1045 3731 ad
1066 3672 1208 3732 umbram
1229 3673 1306 3731 luois
1328 3673 1364 3732 ab
1387 3675 1457 3731 ortu

623 3791 800 3851 Silvestrem
821 3789 955 3848 flammis
978 3793 1008 3849 et
1028 3791 1109 3848 ferro
1131 3790 1252 3864 mitiget
1274 3808 1388 3863 agrum,

624 3906 688 3966 Scit
709 3906 836 3976 Genius,
858 3908 961 3965 natale
984 3926 1085 3965 eomes
1108 3907 1161 3981 qui
1181 3909 1335 3981 temperat
1355 3907 1482 3974 astrum,

623 4023 745 4081 Naturae
768 4021 842 4081 deus
864 4022 1009 4081 humanae
1032 4022 1181 4093 mortalia,
1202 4024 1238 4080 in
1259 4040 1356 4080 unum

624 4138 772 4214 Quodque
794 4142 885 4214 eaput
905 4140 992 4197 voltu
1013 4138 1179 4207 mutabilia,
1202 4137 1287 4196 albus
1310 4140 1340 4194 et
1361 4139 1426 4194 ater
1433 4155 1440 4204 ;

484 4331 517 4390 et
537 4324 603 4390 Sat.
624 4328 665 4391 Π.
690 4329 716 4403 1,
738 4328 889 4391 ao---029:
