3917 5475
335 719 340 730 ι
470 648 506 701 54
881 667 1045 713 Paonoeus
1062 664 1178 713 1a—1r.

470 845 621 908 earmina
649 844 807 907 scribunt.
839 841 968 907 Coruus
997 843 1243 906 substantivum
1272 863 1332 926 pro
1362 843 1530 923 epithet0;
1551 846 1590 907 of.

472 960 725 1025 adnotationem
744 959 787 1023 ad
804 960 859 1023 VI.
881 961 943 1024 74:
968 980 1074 1041 «popa
1086 962 1233 1023 venter».
1254 958 1303 1023 De
1316 980 1422 1034 eorvo,
1436 960 1591 1023 humanae

471 1076 561 1140 vocis
579 1076 757 1149 imitatore,
779 1078 818 1140 of.
840 1075 924 1139 Plin.
946 1076 984 1139 N.
1004 1075 1046 1140 PL
1067 1075 1107 1140 X.
1132 1076 1211 1140 121:
1237 1075 1425 1138 «Reddatur
1436 1079 1469 1138 et
1488 1078 1594 1140 eorvis

473 1213 533 1257 sua
552 1194 658 1274 gratia
669 1242 676 1255 .
688 1242 716 1256 ..
735 1191 865 1256 Tiberio
881 1192 1034 1274 principe
1049 1213 1087 1255 ex
1099 1194 1168 1254 fetu
1182 1212 1282 1272 supra
1294 1191 1469 1255 Castorum
1490 1193 1595 1256 aedem

472 1310 584 1390 genito
605 1310 719 1390 pullus
738 1310 776 1371 in
796 1307 986 1389 adpositam
1007 1308 1172 1370 sutrinam
1201 1306 1374 1380 devolavit,
1397 1308 1499 1370 otiam
1518 1309 1592 1371 reli-

473 1426 572 1506 gione
596 1423 849 1487 commendatus
882 1422 1023 1486 officinae
1052 1422 1198 1485 domiuo.
1228 1423 1260 1485 is
1288 1425 1419 1485 mature
1448 1424 1594 1485 sermoni

473 1540 685 1604 adsuefactus
703 1539 860 1602 omnibus
888 1540 1064 1601 matutinis
1094 1540 1230 1601 evolans
1248 1539 1285 1600 in
1304 1542 1411 1601 rostra
1430 1540 1467 1600 in
1487 1540 1595 1600 forum

472 1676 588 1720 versus
606 1655 784 1726 Tiberium,
805 1653 883 1717 dein
904 1654 1142 1719 Germanicum
1163 1658 1195 1717 et
1212 1654 1360 1718 Drusum
1376 1653 1523 1718 Gaesares
1535 1674 1593 1716 no·

473 1772 636 1844 minatim
671 1791 749 1833 mox
780 1774 1013 1833 transeuntem
1047 1772 1210 1852 populum
1243 1771 1434 1834 Romanum
1472 1770 1594 1833 saluta·

473 1889 539 1951 bat.
546 1911 558 1944 »
574 1925 619 1930 —
625 1884 803 1970 poetridus
812 1884 924 1968 pirou,
937 1886 1106 1966 poetridas
1118 1888 1224 1950 malas
1238 1886 1411 1967 signifieat,
1426 1889 1463 1947 ut
1476 1904 1594 1966 supra:

478 2023 611 2067 «corvos
629 2005 777 2083 poetas».
799 2000 970 2064 Poetridas
995 2002 1098 2082 igitur
1125 2023 1168 2063 ne
1196 2003 1253 2065 iilo
1283 2001 1417 2083 quidem
1446 2005 1594 2082 tempore

474 2139 565 2182 raras
585 2119 688 2181 fuisse
707 2120 851 2179 testatur
876 2116 1019 2180 Persius.
1040 2154 1084 2161 —
1107 2114 1254 2182 Cuatoro
1268 2170 1274 2182 .
1290 2167 1316 2182 ..
1346 2119 1475 2195 ituatur,
1496 2116 1594 2179 auda-

474 2239 543 2297 cter
555 2233 680 2296 dietum
691 2258 699 2310 3
712 2236 827 2295 noetar
839 2251 898 2311 pro
912 2233 1123 2312 poematibus
1134 2233 1294 2308 dumibus,
1307 2237 1344 2295 ut
1354 2232 1448 2296 Pind.
1464 2232 1592 2313 olymp.

474 2350 544 2413 VIL
566 2352 605 2413 7:
624 2351 678 2412 καὶ
698 2347 757 2428 ἐγὼ
776 2352 888 2431 νέκταρ
913 2353 1015 2432 χυτόν.
1046 2346 1168 2413 Μοισᾶν
1197 2348 1290 2417 δόσιν.
1322 2345 1515 2437 ἀθλοφόροις
1544 2343 1593 2410 ἀν-

475 2466 582 2548 δράσιν
600 2470 734 2551 πέμπων.
755 2463 803 2527 Or.
825 2464 963 2527 Theoar.
985 2464 1056 2528 VH.
1078 2466 1129 2527 89.
1152 2465 1191 2526 de
1212 2469 1312 2526 cantu
1331 2464 1453 2545 Tityri:
1474 2458 1594 2535 Odiosast

475 2578 504 2644 οἱ
522 2582 616 2662 riost
631 2579 738 2644 Μοῖοοι
756 2584 836 2643 κατὰ
857 2584 1009 2664 στόματος
1028 2585 1084 2666 χέε
1104 2586 1234 2663 atatam
1254 2579 1391 2643 Hesiod.
1405 2580 1526 2659 Theog.
1542 2579 1591 2641 81.

476 2689 683 2780 sq.:‘'0ruru
710 2700 876 2782 τιμήσουσι
906 2693 978 2768 Διὸς
1008 2704 1117 2780 κοῦραι
1147 2698 1357 2784 μεγάλοιο...
1388 2694 1440 2781 Τῷ
1469 2699 1524 2782 μὲν
1549 2692 1594 2758 ἐπὶ

475 2815 600 2898 γλώσσῃ
623 2816 773 2899 γλυκερὴν
800 2817 937 2898 χείουσιν
962 2811 1082 2900 ἐέρσην,
1105 2811 1167 2877 Τοῦ
1188 2812 1214 2875 δ’
1235 2811 1298 2876 ἕπε’
1320 2811 1355 2876 ἐκ
1375 2816 1528 2897 στόματος
1549 2807 1595 2895 ῥεῖ

475 2931 619 3016 μείλιχος
640 2929 735 2992 Luer.
756 2929 781 2992 I.
803 2929 1000 2993 945—947:

935 3123 965 3137 ..
983 3123 989 3136 .
1004 3078 1088 3135 volui
1111 3077 1167 3136 tibi
1190 3078 1413 3154 suaviloquent'

636 3195 779 3256 Carmine
800 3195 902 3253 Pierio
924 3195 1077 3253 rationem
1099 3213 1251 3271 exponere
1273 3197 1413 3252 nostram

635 3311 675 3370 Et
696 3311 783 3387 quasi
803 3311 919 3369 Musaeo
941 3310 1023 3369 dulei
1044 3312 1222 3384 oontingere
1243 3309 1342 3368 melle.

476 3461 519 3540 ὲ
537 3494 751 3582 Ρομαθοιιιιιι,
766 3499 945 3579 poeticum.
959 3498 1007 3562 Cf.
1023 3498 1274 3562 adnotationem
1294 3494 1336 3559 ad
1353 3517 1400 3559 vs.
1424 3496 1460 3560 1:
1487 3498 1595 3558 «fonte

422 3650 424 3653 .
475 3661 482 3674 .
505 3662 512 3675 .
533 3662 541 3676 .
564 3612 760 3677 caballino».
