<?xml version="1.0" encoding="UTF-8"?>
<!DOCTYPE html PUBLIC "-//W3C//DTD XHTML 1.0 Transitional//EN"
    "http://www.w3.org/TR/xhtml1/DTD/xhtml1-transitional.dtd">
<html xmlns="http://www.w3.org/1999/xhtml" xml:lang="en" lang="en">
 <head>
  <title>
</title>
<meta http-equiv="Content-Type" content="text/html;charset=utf-8" />
  <meta name='ocr-system' content='tesseract 3.04.00' />
  <meta name='ocr-capabilities' content='ocr_page ocr_carea ocr_par ocr_line ocrx_word'/>
</head>
<body>
  <div class='ocr_page' id='page_1' title='image "./satirae00persgoog_0035.png"; bbox 0 0 3917 5475; ppageno 0'>
   <div class='ocr_carea' id='block_1_1' title="bbox 822 685 1473 753">
    <p class='ocr_par' dir='ltr' id='par_1_1' title="bbox 822 685 1473 753">
     <span class='ocr_line' id='line_1_1' title="bbox 822 685 1473 753; baseline -0.003 0"><span class='ocrx_word' id='word_1_1' title='bbox 822 708 932 753; x_wconf 70' lang='lat' dir='ltr'>sirmi</span> <span class='ocrx_word' id='word_1_2' title='bbox 949 709 999 753; x_wconf 87' lang='lat'><strong>111.</strong></span> <span class='ocrx_word' id='word_1_3' title='bbox 1438 685 1473 741; x_wconf 76' lang='lat'>29</span> 
     </span>
    </p>
   </div>
   <div class='ocr_carea' id='block_1_2' title="bbox 438 884 1410 1430">
    <p class='ocr_par' dir='ltr' id='par_1_2' title="bbox 438 884 1409 1312">
     <span class='ocr_line' id='line_1_2' title="bbox 438 884 1409 966; baseline 0.001 -18"><span class='ocrx_word' id='word_1_4' title='bbox 438 884 527 965; x_wconf 83' lang='lat' dir='ltr'>Quid</span> <span class='ocrx_word' id='word_1_5' title='bbox 547 889 764 949; x_wconf 69' lang='grc'><strong>1111111111-</strong></span> <span class='ocrx_word' id='word_1_6' title='bbox 783 884 966 966; x_wconf 76' lang='lat' dir='ltr'><strong>cultrixque</strong></span> <span class='ocrx_word' id='word_1_7' title='bbox 987 884 1052 947; x_wconf 84' lang='lat' dir='ltr'>feei</span> <span class='ocrx_word' id='word_1_8' title='bbox 1072 904 1188 947; x_wconf 80' lang='lat' dir='ltr'>secure</span> <span class='ocrx_word' id='word_1_9' title='bbox 1206 886 1331 966; x_wconf 91' lang='lat' dir='ltr'>patella</span> <span class='ocrx_word' id='word_1_10' title='bbox 1350 887 1409 949; x_wconf 85' lang='lat' dir='ltr'>est.</span> 
     </span>
     <span class='ocr_line' id='line_1_3' title="bbox 438 998 1368 1082; baseline 0 -17"><span class='ocrx_word' id='word_1_11' title='bbox 438 1000 514 1065; x_wconf 84' lang='lat' dir='ltr'>Hoc</span> <span class='ocrx_word' id='word_1_12' title='bbox 534 1002 639 1065; x_wconf 78' lang='lat' dir='ltr'>satis?</span> <span class='ocrx_word' id='word_1_13' title='bbox 656 1001 710 1063; x_wconf 85' lang='lat' dir='ltr'>An</span> <span class='ocrx_word' id='word_1_14' title='bbox 728 998 844 1063; x_wconf 85' lang='lat' dir='ltr'>deeeat</span> <span class='ocrx_word' id='word_1_15' title='bbox 861 1000 1059 1082; x_wconf 86' lang='lat' dir='ltr'><strong>pulmonem</strong></span> <span class='ocrx_word' id='word_1_16' title='bbox 1077 1020 1231 1081; x_wconf 83' lang='lat' dir='ltr'>rumpere</span> <span class='ocrx_word' id='word_1_17' title='bbox 1250 1001 1368 1075; x_wconf 85' lang='lat' dir='ltr'>ventis,</span> 
     </span>
     <span class='ocr_line' id='line_1_4' title="bbox 439 1114 1325 1197; baseline -0.002 -16"><span class='ocrx_word' id='word_1_18' title='bbox 439 1115 624 1182; x_wconf 86' lang='lat' dir='ltr'>Stemmate</span> <span class='ocrx_word' id='word_1_19' title='bbox 644 1114 732 1197; x_wconf 91' lang='lat' dir='ltr'>quod</span> <span class='ocrx_word' id='word_1_20' title='bbox 750 1114 856 1177; x_wconf 76' lang='lat' dir='ltr'>Tusco</span> <span class='ocrx_word' id='word_1_21' title='bbox 875 1134 1006 1179; x_wconf 89' lang='lat' dir='ltr'>ramum</span> <span class='ocrx_word' id='word_1_22' title='bbox 1026 1114 1203 1178; x_wconf 85' lang='lat' dir='ltr'>millesime</span> <span class='ocrx_word' id='word_1_23' title='bbox 1222 1114 1325 1191; x_wconf 76' lang='lat' dir='ltr'>ducis,</span> 
     </span>
     <span class='ocr_line' id='line_1_5' title="bbox 440 1229 1297 1312; baseline -0.001 -16"><span class='ocrx_word' id='word_1_24' title='bbox 440 1231 664 1297; x_wconf 70' lang='lat' dir='ltr'>censoremve</span> <span class='ocrx_word' id='word_1_25' title='bbox 683 1234 780 1294; x_wconf 92' lang='lat' dir='ltr'>tuum</span> <span class='ocrx_word' id='word_1_26' title='bbox 799 1232 852 1294; x_wconf 93' lang='lat' dir='ltr'>vel</span> <span class='ocrx_word' id='word_1_27' title='bbox 871 1229 959 1312; x_wconf 91' lang='lat' dir='ltr'>quod</span> <span class='ocrx_word' id='word_1_28' title='bbox 978 1230 1127 1293; x_wconf 76' lang='lat' dir='ltr'>trabeate</span> <span class='ocrx_word' id='word_1_29' title='bbox 1147 1231 1297 1295; x_wconf 77' lang='lat' dir='ltr'>salutas?</span> 
     </span>
    </p>

    <p class='ocr_par' dir='ltr' id='par_1_3' title="bbox 439 1347 1410 1430">
     <span class='ocr_line' id='line_1_6' title="bbox 439 1347 1410 1430; baseline 0.001 -19"><span class='ocrx_word' id='word_1_30' title='bbox 439 1347 491 1411; x_wconf 89' lang='lat' dir='ltr'>Ad</span> <span class='ocrx_word' id='word_1_31' title='bbox 510 1348 674 1430; x_wconf 92' lang='lat' dir='ltr'>populum</span> <span class='ocrx_word' id='word_1_32' title='bbox 691 1347 856 1429; x_wconf 81' lang='lat' dir='ltr'>phaleras,</span> <span class='ocrx_word' id='word_1_33' title='bbox 878 1367 938 1427; x_wconf 90' lang='lat' dir='ltr'>ego</span> <span class='ocrx_word' id='word_1_34' title='bbox 958 1350 991 1409; x_wconf 94' lang='lat' dir='ltr'>te</span> <span class='ocrx_word' id='word_1_35' title='bbox 1010 1347 1102 1409; x_wconf 85' lang='lat' dir='ltr'>intus</span> <span class='ocrx_word' id='word_1_36' title='bbox 1122 1351 1155 1409; x_wconf 92' lang='lat' dir='ltr'>et</span> <span class='ocrx_word' id='word_1_37' title='bbox 1173 1348 1209 1409; x_wconf 91' lang='lat' dir='ltr'>in</span> <span class='ocrx_word' id='word_1_38' title='bbox 1229 1351 1303 1411; x_wconf 88' lang='lat' dir='ltr'>ente</span> <span class='ocrx_word' id='word_1_39' title='bbox 1322 1348 1410 1413; x_wconf 86' lang='lat' dir='ltr'>novi.</span> 
     </span>
    </p>
   </div>
   <div class='ocr_carea' id='block_1_3' title="bbox 443 1458 1304 1549">
    <p class='ocr_par' dir='ltr' id='par_1_4' title="bbox 443 1458 1304 1549">
     <span class='ocr_line' id='line_1_7' title="bbox 443 1458 1304 1549; baseline 0.002 -22"><span class='ocrx_word' id='word_1_40' title='bbox 443 1464 519 1528; x_wconf 90' lang='lat' dir='ltr'>Non</span> <span class='ocrx_word' id='word_1_41' title='bbox 538 1462 641 1546; x_wconf 91' lang='lat' dir='ltr'>pudet</span> <span class='ocrx_word' id='word_1_42' title='bbox 661 1458 851 1549; x_wconf 52' lang='lat' dir='ltr'>adsmorem</span> <span class='ocrx_word' id='word_1_43' title='bbox 871 1462 1025 1526; x_wconf 81' lang='lat' dir='ltr'>discincti</span> <span class='ocrx_word' id='word_1_44' title='bbox 1044 1463 1153 1525; x_wconf 90' lang='lat' dir='ltr'>vivere</span> <span class='ocrx_word' id='word_1_45' title='bbox 1173 1463 1304 1529; x_wconf 77' lang='lat' dir='ltr'>Nattae?</span> 
     </span>
    </p>
   </div>
   <div class='ocr_carea' id='block_1_4' title="bbox 440 1578 1344 2114">
    <p class='ocr_par' dir='ltr' id='par_1_5' title="bbox 440 1578 1344 2114">
     <span class='ocr_line' id='line_1_8' title="bbox 441 1578 1305 1662; baseline 0 -19"><span class='ocrx_word' id='word_1_46' title='bbox 441 1578 508 1644; x_wconf 85' lang='lat' dir='ltr'>Sed</span> <span class='ocrx_word' id='word_1_47' title='bbox 527 1583 638 1661; x_wconf 87' lang='lat' dir='ltr'>stupet</span> <span class='ocrx_word' id='word_1_48' title='bbox 658 1580 713 1642; x_wconf 86' lang='lat' dir='ltr'>hic</span> <span class='ocrx_word' id='word_1_49' title='bbox 731 1580 812 1642; x_wconf 87' lang='lat' dir='ltr'>vitio</span> <span class='ocrx_word' id='word_1_50' title='bbox 833 1583 866 1642; x_wconf 90' lang='lat' dir='ltr'>et</span> <span class='ocrx_word' id='word_1_51' title='bbox 883 1578 975 1642; x_wconf 87' lang='lat' dir='ltr'>fibris</span> <span class='ocrx_word' id='word_1_52' title='bbox 995 1579 1135 1641; x_wconf 84' lang='lat' dir='ltr'>increvit</span> <span class='ocrx_word' id='word_1_53' title='bbox 1155 1580 1305 1662; x_wconf 88' lang='lat' dir='ltr'>opimum</span> 
     </span>
     <span class='ocr_line' id='line_1_9' title="bbox 442 1693 1344 1777; baseline 0.001 -19"><span class='ocrx_word' id='word_1_54' title='bbox 442 1696 580 1777; x_wconf 83' lang='lat' dir='ltr'>Pingue,</span> <span class='ocrx_word' id='word_1_55' title='bbox 603 1698 693 1759; x_wconf 85' lang='lat' dir='ltr'>earet</span> <span class='ocrx_word' id='word_1_56' title='bbox 712 1695 818 1777; x_wconf 85' lang='lat' dir='ltr'>eulpa.</span> <span class='ocrx_word' id='word_1_57' title='bbox 840 1696 955 1763; x_wconf 82' lang='lat' dir='ltr'>nescit.</span> <span class='ocrx_word' id='word_1_58' title='bbox 977 1693 1057 1776; x_wconf 93' lang='lat' dir='ltr'>quid</span> <span class='ocrx_word' id='word_1_59' title='bbox 1075 1694 1203 1776; x_wconf 88' lang='lat' dir='ltr'>perdat,</span> <span class='ocrx_word' id='word_1_60' title='bbox 1226 1698 1259 1759; x_wconf 90' lang='lat' dir='ltr'>et</span> <span class='ocrx_word' id='word_1_61' title='bbox 1277 1696 1344 1759; x_wconf 85' lang='lat' dir='ltr'>alto</span> 
     </span>
     <span class='ocr_line' id='line_1_10' title="bbox 442 1810 1289 1877; baseline -0.004 0"><span class='ocrx_word' id='word_1_62' title='bbox 442 1812 624 1877; x_wconf 83' lang='lat' dir='ltr'>Demersus</span> <span class='ocrx_word' id='word_1_63' title='bbox 645 1831 775 1874; x_wconf 85' lang='lat' dir='ltr'>summa</span> <span class='ocrx_word' id='word_1_64' title='bbox 794 1832 910 1874; x_wconf 89' lang='lat' dir='ltr'>rursus</span> <span class='ocrx_word' id='word_1_65' title='bbox 929 1831 999 1873; x_wconf 90' lang='lat' dir='ltr'>non</span> <span class='ocrx_word' id='word_1_66' title='bbox 1017 1811 1116 1874; x_wconf 93' lang='lat' dir='ltr'>bullit</span> <span class='ocrx_word' id='word_1_67' title='bbox 1134 1812 1172 1874; x_wconf 90' lang='lat' dir='ltr'>in</span> <span class='ocrx_word' id='word_1_68' title='bbox 1190 1810 1289 1876; x_wconf 86' lang='lat' dir='ltr'>unda.</span> 
     </span>
     <span class='ocr_line' id='line_1_11' title="bbox 440 1926 1264 2009; baseline -0.002 -16"><span class='ocrx_word' id='word_1_69' title='bbox 440 1928 564 2009; x_wconf 82' lang='lat' dir='ltr'>Magne</span> <span class='ocrx_word' id='word_1_70' title='bbox 583 1931 678 2009; x_wconf 88' lang='lat' dir='ltr'>pater</span> <span class='ocrx_word' id='word_1_71' title='bbox 696 1926 818 1994; x_wconf 88' lang='lat' dir='ltr'>divum.</span> <span class='ocrx_word' id='word_1_72' title='bbox 841 1947 945 1991; x_wconf 78' lang='lat' dir='ltr'>saevos</span> <span class='ocrx_word' id='word_1_73' title='bbox 963 1928 1084 2009; x_wconf 89' lang='lat' dir='ltr'>punire</span> <span class='ocrx_word' id='word_1_74' title='bbox 1103 1932 1264 2008; x_wconf 87' lang='lat' dir='ltr'>tyrannos</span> 
     </span>
     <span class='ocr_line' id='line_1_12' title="bbox 440 2042 1199 2114; baseline -0.001 -7"><span class='ocrx_word' id='word_1_75' title='bbox 440 2042 543 2107; x_wconf 84' lang='lat' dir='ltr'>Haud</span> <span class='ocrx_word' id='word_1_76' title='bbox 563 2044 778 2107; x_wconf 76' lang='lat' dir='ltr'>alienatione</span> <span class='ocrx_word' id='word_1_77' title='bbox 797 2044 889 2114; x_wconf 85' lang='lat' dir='ltr'>velis,</span> <span class='ocrx_word' id='word_1_78' title='bbox 911 2063 987 2106; x_wconf 86' lang='lat' dir='ltr'>oum</span> <span class='ocrx_word' id='word_1_79' title='bbox 1006 2042 1078 2107; x_wconf 86' lang='lat' dir='ltr'>dira</span> <span class='ocrx_word' id='word_1_80' title='bbox 1098 2042 1199 2107; x_wconf 90' lang='lat' dir='ltr'>libido</span> 
     </span>
    </p>
   </div>
   <div class='ocr_carea' id='block_1_5' title="bbox 332 2159 1228 2241">
    <p class='ocr_par' dir='ltr' id='par_1_6' title="bbox 332 2159 1228 2241">
     <span class='ocr_line' id='line_1_13' title="bbox 332 2159 1228 2241; baseline -0.001 -17"><span class='ocrx_word' id='word_1_81' title='bbox 332 2174 339 2178; x_wconf 78' lang='grc'><strong>’</strong></span> <span class='ocrx_word' id='word_1_82' title='bbox 441 2159 587 2225; x_wconf 86' lang='lat' dir='ltr'>Moverit</span> <span class='ocrx_word' id='word_1_83' title='bbox 604 2160 779 2241; x_wconf 87' lang='lat' dir='ltr'>ingenium</span> <span class='ocrx_word' id='word_1_84' title='bbox 798 2160 940 2222; x_wconf 82' lang='lat' dir='ltr'>ferventi</span> <span class='ocrx_word' id='word_1_85' title='bbox 958 2160 1064 2223; x_wconf 80' lang='lat' dir='ltr'>tincta</span> <span class='ocrx_word' id='word_1_86' title='bbox 1079 2179 1228 2223; x_wconf 92' lang='lat' dir='ltr'>veneno:</span> 
     </span>
    </p>
   </div>
   <div class='ocr_carea' id='block_1_6' title="bbox 440 2273 1407 4562">
    <p class='ocr_par' dir='ltr' id='par_1_7' title="bbox 440 2273 1284 2937">
     <span class='ocr_line' id='line_1_14' title="bbox 440 2273 1200 2356; baseline -0.001 -17"><span class='ocrx_word' id='word_1_87' title='bbox 440 2276 608 2340; x_wconf 84' lang='lat' dir='ltr'>Virtutem</span> <span class='ocrx_word' id='word_1_88' title='bbox 626 2273 762 2339; x_wconf 83' lang='lat' dir='ltr'>videant</span> <span class='ocrx_word' id='word_1_89' title='bbox 780 2275 1056 2356; x_wconf 76' lang='lat' dir='ltr'>intabescantque</span> <span class='ocrx_word' id='word_1_90' title='bbox 1076 2275 1200 2338; x_wconf 81' lang='lat' dir='ltr'>relicta.</span> 
     </span>
     <span class='ocr_line' id='line_1_15' title="bbox 440 2388 1243 2473; baseline -0.001 -18"><span class='ocrx_word' id='word_1_91' title='bbox 440 2392 539 2455; x_wconf 88' lang='lat' dir='ltr'>Anne</span> <span class='ocrx_word' id='word_1_92' title='bbox 559 2392 665 2473; x_wconf 86' lang='lat' dir='ltr'>magis</span> <span class='ocrx_word' id='word_1_93' title='bbox 686 2388 789 2454; x_wconf 80' lang='lat' dir='ltr'>Siculi</span> <span class='ocrx_word' id='word_1_94' title='bbox 808 2394 1008 2471; x_wconf 87' lang='lat' dir='ltr'>gemuerunt</span> <span class='ocrx_word' id='word_1_95' title='bbox 1027 2412 1093 2454; x_wconf 88' lang='lat' dir='ltr'>aera</span> <span class='ocrx_word' id='word_1_96' title='bbox 1111 2392 1243 2454; x_wconf 82' lang='lat' dir='ltr'>iuvenci</span> 
     </span>
     <span class='ocr_line' id='line_1_16' title="bbox 440 2505 1265 2589; baseline 0.001 -18"><span class='ocrx_word' id='word_1_97' title='bbox 440 2508 485 2571; x_wconf 85' lang='lat' dir='ltr'>Et</span> <span class='ocrx_word' id='word_1_98' title='bbox 504 2508 610 2589; x_wconf 86' lang='lat' dir='ltr'>magis</span> <span class='ocrx_word' id='word_1_99' title='bbox 630 2508 755 2570; x_wconf 84' lang='lat' dir='ltr'>auratis</span> <span class='ocrx_word' id='word_1_100' title='bbox 773 2505 924 2589; x_wconf 89' lang='lat' dir='ltr'>pendens</span> <span class='ocrx_word' id='word_1_101' title='bbox 943 2507 1155 2588; x_wconf 85' lang='lat' dir='ltr'>laquearibus</span> <span class='ocrx_word' id='word_1_102' title='bbox 1175 2509 1265 2573; x_wconf 88' lang='lat' dir='ltr'>ensis</span> 
     </span>
     <span class='ocr_line' id='line_1_17' title="bbox 442 2621 1225 2704; baseline 0 -19"><span class='ocrx_word' id='word_1_103' title='bbox 442 2622 631 2704; x_wconf 89' lang='lat' dir='ltr'>Purpureas</span> <span class='ocrx_word' id='word_1_104' title='bbox 651 2621 765 2685; x_wconf 91' lang='lat' dir='ltr'>subter</span> <span class='ocrx_word' id='word_1_105' title='bbox 783 2622 926 2685; x_wconf 86' lang='lat' dir='ltr'>aerviees</span> <span class='ocrx_word' id='word_1_106' title='bbox 945 2623 1082 2685; x_wconf 88' lang='lat' dir='ltr'>terruit:</span> <span class='ocrx_word' id='word_1_107' title='bbox 1108 2622 1225 2691; x_wconf 68' lang='lat' dir='ltr'>«Imus.</span> 
     </span>
     <span class='ocr_line' id='line_1_18' title="bbox 442 2737 1284 2823; baseline 0.002 -20"><span class='ocrx_word' id='word_1_108' title='bbox 442 2739 536 2803; x_wconf 90' lang='lat' dir='ltr'>Imus</span> <span class='ocrx_word' id='word_1_109' title='bbox 554 2739 759 2823; x_wconf 72' lang='lat' dir='ltr'>praecipites»</span> <span class='ocrx_word' id='word_1_110' title='bbox 783 2758 883 2819; x_wconf 86' lang='lat' dir='ltr'>quam</span> <span class='ocrx_word' id='word_1_111' title='bbox 904 2739 931 2801; x_wconf 92' lang='lat' dir='ltr'>si</span> <span class='ocrx_word' id='word_1_112' title='bbox 951 2739 1015 2801; x_wconf 91' lang='lat' dir='ltr'>sibi</span> <span class='ocrx_word' id='word_1_113' title='bbox 1034 2737 1122 2803; x_wconf 85' lang='lat' dir='ltr'>dicat</span> <span class='ocrx_word' id='word_1_114' title='bbox 1141 2744 1174 2802; x_wconf 93' lang='lat' dir='ltr'>et</span> <span class='ocrx_word' id='word_1_115' title='bbox 1192 2741 1284 2805; x_wconf 89' lang='lat' dir='ltr'>intus</span> 
     </span>
     <span class='ocr_line' id='line_1_19' title="bbox 443 2855 1263 2937; baseline 0.001 -17"><span class='ocrx_word' id='word_1_116' title='bbox 443 2857 571 2921; x_wconf 76' lang='lat' dir='ltr'>Palleat</span> <span class='ocrx_word' id='word_1_117' title='bbox 588 2857 713 2926; x_wconf 72' lang='lat' dir='ltr'>infelin</span> <span class='ocrx_word' id='word_1_118' title='bbox 735 2855 824 2937; x_wconf 91' lang='lat' dir='ltr'>quod</span> <span class='ocrx_word' id='word_1_119' title='bbox 842 2857 993 2937; x_wconf 83' lang='lat' dir='ltr'>proxima</span> <span class='ocrx_word' id='word_1_120' title='bbox 1012 2856 1139 2919; x_wconf 86' lang='lat' dir='ltr'>neseiat</span> <span class='ocrx_word' id='word_1_121' title='bbox 1158 2862 1263 2922; x_wconf 78' lang='lat' dir='ltr'>uxor?</span> 
     </span>
    </p>

    <p class='ocr_par' dir='ltr' id='par_1_8' title="bbox 443 2970 1407 4562">
     <span class='ocr_line' id='line_1_20' title="bbox 490 2970 1353 3055; baseline 0 -18"><span class='ocrx_word' id='word_1_122' title='bbox 490 2970 584 3055; x_wconf 81' lang='lat' dir='ltr'>Saepe</span> <span class='ocrx_word' id='word_1_123' title='bbox 604 2974 726 3046; x_wconf 89' lang='lat' dir='ltr'>oeulos,</span> <span class='ocrx_word' id='word_1_124' title='bbox 748 2972 896 3043; x_wconf 82' lang='lat' dir='ltr'>memini,</span> <span class='ocrx_word' id='word_1_125' title='bbox 917 2971 1095 3052; x_wconf 73' lang='lat' dir='ltr'>tangebam</span> <span class='ocrx_word' id='word_1_126' title='bbox 1114 2992 1236 3054; x_wconf 87' lang='lat' dir='ltr'>parvus</span> <span class='ocrx_word' id='word_1_127' title='bbox 1256 2974 1353 3048; x_wconf 85' lang='lat' dir='ltr'>olivo,</span> 
     </span>
     <span class='ocr_line' id='line_1_21' title="bbox 446 3086 1234 3154; baseline -0.006 0"><span class='ocrx_word' id='word_1_128' title='bbox 446 3086 595 3154; x_wconf 86' lang='lat' dir='ltr'>Grandia</span> <span class='ocrx_word' id='word_1_129' title='bbox 615 3089 643 3151; x_wconf 86' lang='lat' dir='ltr'>si</span> <span class='ocrx_word' id='word_1_130' title='bbox 662 3088 788 3151; x_wconf 88' lang='lat' dir='ltr'>nollem</span> <span class='ocrx_word' id='word_1_131' title='bbox 805 3088 959 3150; x_wconf 88' lang='lat' dir='ltr'>morituri</span> <span class='ocrx_word' id='word_1_132' title='bbox 978 3087 1078 3150; x_wconf 85' lang='lat' dir='ltr'>verbe</span> <span class='ocrx_word' id='word_1_133' title='bbox 1098 3086 1234 3151; x_wconf 83' lang='lat' dir='ltr'>Catonis</span> 
     </span>
     <span class='ocr_line' id='line_1_22' title="bbox 443 3203 1310 3285; baseline 0.001 -18"><span class='ocrx_word' id='word_1_134' title='bbox 443 3204 580 3268; x_wconf 79' lang='lat' dir='ltr'>Discere</span> <span class='ocrx_word' id='word_1_135' title='bbox 598 3225 669 3268; x_wconf 87' lang='lat' dir='ltr'>nun</span> <span class='ocrx_word' id='word_1_136' title='bbox 689 3225 771 3269; x_wconf 87' lang='lat' dir='ltr'>sano</span> <span class='ocrx_word' id='word_1_137' title='bbox 791 3204 936 3268; x_wconf 89' lang='lat' dir='ltr'>multum</span> <span class='ocrx_word' id='word_1_138' title='bbox 955 3203 1123 3268; x_wconf 88' lang='lat' dir='ltr'>laudanda</span> <span class='ocrx_word' id='word_1_139' title='bbox 1141 3207 1310 3285; x_wconf 77' lang='lat' dir='ltr'>magistro,</span> 
     </span>
     <span class='ocr_line' id='line_1_23' title="bbox 446 3319 1249 3403; baseline 0.001 -20"><span class='ocrx_word' id='word_1_140' title='bbox 446 3320 526 3400; x_wconf 78' lang='lat' dir='ltr'>Quae</span> <span class='ocrx_word' id='word_1_141' title='bbox 545 3324 641 3403; x_wconf 83' lang='lat' dir='ltr'>pater</span> <span class='ocrx_word' id='word_1_142' title='bbox 659 3319 810 3384; x_wconf 82' lang='lat' dir='ltr'>adductis</span> <span class='ocrx_word' id='word_1_143' title='bbox 830 3319 954 3384; x_wconf 89' lang='lat' dir='ltr'>sudans</span> <span class='ocrx_word' id='word_1_144' title='bbox 974 3319 1105 3383; x_wconf 83' lang='lat' dir='ltr'>audiret</span> <span class='ocrx_word' id='word_1_145' title='bbox 1123 3321 1249 3384; x_wconf 87' lang='lat' dir='ltr'>amieis.</span> 
     </span>
     <span class='ocr_line' id='line_1_24' title="bbox 445 3434 1393 3517; baseline 0.001 -19"><span class='ocrx_word' id='word_1_146' title='bbox 445 3435 522 3499; x_wconf 90' lang='lat' dir='ltr'>Iure</span> <span class='ocrx_word' id='word_1_147' title='bbox 542 3437 668 3498; x_wconf 87' lang='lat' dir='ltr'>etenim</span> <span class='ocrx_word' id='word_1_148' title='bbox 685 3434 720 3498; x_wconf 94' lang='lat' dir='ltr'>id</span> <span class='ocrx_word' id='word_1_149' title='bbox 740 3456 918 3509; x_wconf 87' lang='lat' dir='ltr'>summum,</span> <span class='ocrx_word' id='word_1_150' title='bbox 940 3435 1020 3517; x_wconf 86' lang='lat' dir='ltr'>quid</span> <span class='ocrx_word' id='word_1_151' title='bbox 1039 3434 1152 3499; x_wconf 82' lang='lat' dir='ltr'>dexter</span> <span class='ocrx_word' id='word_1_152' title='bbox 1171 3437 1264 3500; x_wconf 88' lang='lat' dir='ltr'>senio</span> <span class='ocrx_word' id='word_1_153' title='bbox 1285 3437 1393 3511; x_wconf 84' lang='lat' dir='ltr'>ferret,</span> 
     </span>
     <span class='ocr_line' id='line_1_25' title="bbox 449 3551 1330 3633; baseline 0.005 -17"><span class='ocrx_word' id='word_1_154' title='bbox 449 3551 539 3617; x_wconf 78' lang='lat' dir='ltr'>Scire</span> <span class='ocrx_word' id='word_1_155' title='bbox 559 3553 685 3616; x_wconf 86' lang='lat' dir='ltr'>eratin</span> <span class='ocrx_word' id='word_1_156' title='bbox 704 3557 791 3625; x_wconf 85' lang='lat' dir='ltr'>voto,</span> <span class='ocrx_word' id='word_1_157' title='bbox 813 3551 976 3615; x_wconf 87' lang='lat' dir='ltr'>damnosa</span> <span class='ocrx_word' id='word_1_158' title='bbox 995 3553 1146 3615; x_wconf 83' lang='lat' dir='ltr'>eanieule</span> <span class='ocrx_word' id='word_1_159' title='bbox 1166 3558 1330 3633; x_wconf 87' lang='lat' dir='ltr'>quantum</span> 
     </span>
     <span class='ocr_line' id='line_1_26' title="bbox 446 3666 1208 3749; baseline -0.004 -16"><span class='ocrx_word' id='word_1_160' title='bbox 446 3666 600 3742; x_wconf 80' lang='lat' dir='ltr'>Buderet,</span> <span class='ocrx_word' id='word_1_161' title='bbox 622 3671 770 3749; x_wconf 70' lang='lat' dir='ltr'>angustae</span> <span class='ocrx_word' id='word_1_162' title='bbox 791 3668 877 3730; x_wconf 88' lang='lat' dir='ltr'>eollo</span> <span class='ocrx_word' id='word_1_163' title='bbox 898 3687 968 3731; x_wconf 89' lang='lat' dir='ltr'>non</span> <span class='ocrx_word' id='word_1_164' title='bbox 987 3668 1097 3731; x_wconf 86' lang='lat' dir='ltr'>fallier</span> <span class='ocrx_word' id='word_1_165' title='bbox 1116 3688 1208 3738; x_wconf 79' lang='lat' dir='ltr'>oreae,</span> 
     </span>
     <span class='ocr_line' id='line_1_27' title="bbox 448 3782 1261 3866; baseline 0.002 -19"><span class='ocrx_word' id='word_1_166' title='bbox 448 3783 521 3847; x_wconf 84' lang='lat' dir='ltr'>Neu</span> <span class='ocrx_word' id='word_1_167' title='bbox 539 3784 614 3865; x_wconf 91' lang='lat' dir='ltr'>quis</span> <span class='ocrx_word' id='word_1_168' title='bbox 633 3782 785 3847; x_wconf 87' lang='lat' dir='ltr'>eallidior</span> <span class='ocrx_word' id='word_1_169' title='bbox 803 3784 927 3847; x_wconf 87' lang='lat' dir='ltr'>buxum</span> <span class='ocrx_word' id='word_1_170' title='bbox 945 3788 1100 3866; x_wconf 85' lang='lat' dir='ltr'>torquere</span> <span class='ocrx_word' id='word_1_171' title='bbox 1119 3784 1261 3866; x_wconf 79' lang='lat' dir='ltr'>flagello.</span> 
     </span>
     <span class='ocr_line' id='line_1_28' title="bbox 448 3899 1357 3984; baseline 0.003 -21"><span class='ocrx_word' id='word_1_172' title='bbox 448 3899 549 3984; x_wconf 78' lang='lat' dir='ltr'>Haud</span> <span class='ocrx_word' id='word_1_173' title='bbox 566 3899 629 3963; x_wconf 88' lang='lat' dir='ltr'>tibi</span> <span class='ocrx_word' id='word_1_174' title='bbox 647 3900 858 3982; x_wconf 88' lang='lat' dir='ltr'>inexpertum</span> <span class='ocrx_word' id='word_1_175' title='bbox 878 3920 995 3964; x_wconf 81' lang='lat' dir='ltr'>curvos</span> <span class='ocrx_word' id='word_1_176' title='bbox 1015 3899 1218 3984; x_wconf 88' lang='lat' dir='ltr'>deprendere</span> <span class='ocrx_word' id='word_1_177' title='bbox 1238 3921 1357 3978; x_wconf 87' lang='lat' dir='ltr'>mores,</span> 
     </span>
     <span class='ocr_line' id='line_1_29' title="bbox 449 4015 1407 4099; baseline 0.002 -21"><span class='ocrx_word' id='word_1_178' title='bbox 449 4016 593 4098; x_wconf 71' lang='lat' dir='ltr'>Quaeque</span> <span class='ocrx_word' id='word_1_179' title='bbox 612 4015 709 4080; x_wconf 90' lang='lat' dir='ltr'>doeet</span> <span class='ocrx_word' id='word_1_180' title='bbox 728 4018 862 4099; x_wconf 85' lang='lat' dir='ltr'>sapiens</span> <span class='ocrx_word' id='word_1_181' title='bbox 881 4017 1025 4081; x_wconf 82' lang='lat' dir='ltr'>bracatis</span> <span class='ocrx_word' id='word_1_182' title='bbox 1044 4018 1141 4081; x_wconf 81' lang='lat' dir='ltr'>inlita</span> <span class='ocrx_word' id='word_1_183' title='bbox 1160 4016 1286 4080; x_wconf 86' lang='lat' dir='ltr'>Medis</span> <span class='ocrx_word' id='word_1_184' title='bbox 1406 4021 1407 4024; x_wconf 74' lang='grc'>’</span> 
     </span>
     <span class='ocr_line' id='line_1_30' title="bbox 449 4131 1321 4214; baseline 0.002 -19"><span class='ocrx_word' id='word_1_185' title='bbox 449 4131 607 4207; x_wconf 74' lang='lat' dir='ltr'>Porticus,</span> <span class='ocrx_word' id='word_1_186' title='bbox 628 4132 795 4196; x_wconf 87' lang='lat' dir='ltr'>insomnis</span> <span class='ocrx_word' id='word_1_187' title='bbox 814 4133 934 4214; x_wconf 90' lang='lat' dir='ltr'>quibus</span> <span class='ocrx_word' id='word_1_188' title='bbox 954 4137 987 4197; x_wconf 94' lang='lat' dir='ltr'>et</span> <span class='ocrx_word' id='word_1_189' title='bbox 1005 4133 1145 4197; x_wconf 87' lang='lat' dir='ltr'>detonsa</span> <span class='ocrx_word' id='word_1_190' title='bbox 1163 4134 1321 4198; x_wconf 88' lang='lat' dir='ltr'>inventus</span> 
     </span>
     <span class='ocr_line' id='line_1_31' title="bbox 450 4246 1225 4333; baseline 0.001 -22"><span class='ocrx_word' id='word_1_191' title='bbox 450 4246 607 4331; x_wconf 74' lang='lat' dir='ltr'>Invigilat</span> <span class='ocrx_word' id='word_1_192' title='bbox 626 4249 755 4330; x_wconf 90' lang='lat' dir='ltr'>siliquis</span> <span class='ocrx_word' id='word_1_193' title='bbox 776 4254 809 4312; x_wconf 92' lang='lat' dir='ltr'>et</span> <span class='ocrx_word' id='word_1_194' title='bbox 827 4247 946 4330; x_wconf 88' lang='lat' dir='ltr'>grandi</span> <span class='ocrx_word' id='word_1_195' title='bbox 964 4253 1061 4333; x_wconf 83' lang='lat' dir='ltr'>pasta</span> <span class='ocrx_word' id='word_1_196' title='bbox 1080 4251 1225 4333; x_wconf 81' lang='lat' dir='ltr'>polenta.</span> 
     </span>
     <span class='ocr_line' id='line_1_32' title="bbox 450 4361 1243 4446; baseline 0.004 -20"><span class='ocrx_word' id='word_1_197' title='bbox 450 4363 492 4426; x_wconf 82' lang='lat' dir='ltr'>Et</span> <span class='ocrx_word' id='word_1_198' title='bbox 509 4363 579 4438; x_wconf 90' lang='lat' dir='ltr'>tibi,</span> <span class='ocrx_word' id='word_1_199' title='bbox 601 4384 673 4446; x_wconf 81' lang='lat' dir='ltr'>quae</span> <span class='ocrx_word' id='word_1_200' title='bbox 694 4361 825 4428; x_wconf 85' lang='lat' dir='ltr'>Samios</span> <span class='ocrx_word' id='word_1_201' title='bbox 845 4363 973 4428; x_wconf 84' lang='lat' dir='ltr'>diduxit</span> <span class='ocrx_word' id='word_1_202' title='bbox 992 4365 1104 4428; x_wconf 82' lang='lat' dir='ltr'>littera</span> <span class='ocrx_word' id='word_1_203' title='bbox 1123 4385 1243 4439; x_wconf 84' lang='lat' dir='ltr'>remos,</span> 
     </span>
     <span class='ocr_line' id='line_1_33' title="bbox 453 4475 1273 4562; baseline 0.002 -19"><span class='ocrx_word' id='word_1_204' title='bbox 453 4475 649 4562; x_wconf 74' lang='lat' dir='ltr'>Surgentem</span> <span class='ocrx_word' id='word_1_205' title='bbox 668 4479 781 4543; x_wconf 84' lang='lat' dir='ltr'>dextro</span> <span class='ocrx_word' id='word_1_206' title='bbox 801 4482 1001 4544; x_wconf 84' lang='lat' dir='ltr'>monstravit</span> <span class='ocrx_word' id='word_1_207' title='bbox 1019 4482 1126 4544; x_wconf 85' lang='lat' dir='ltr'>limite</span> <span class='ocrx_word' id='word_1_208' title='bbox 1145 4483 1273 4546; x_wconf 85' lang='lat' dir='ltr'>callem.</span> 
     </span>
    </p>
   </div>
   <div class='ocr_carea' id='block_1_7' title="bbox 0 0 1983 5475">
    <p class='ocr_par' dir='ltr' id='par_1_9' title="bbox 0 0 1983 5475">
     <span class='ocr_line' id='line_1_34' title="bbox 0 0 1983 5475; baseline 0 0"><span class='ocrx_word' id='word_1_209' title='bbox 0 0 1983 5475; x_wconf 95' lang='lat' dir='ltr'> </span> 
     </span>
    </p>
   </div>
  </div>
 </body>
</html>
