3917 5475
811 702 922 745 ermes
938 705 967 745 v.
988 698 1105 744 73—-7a
1468 680 1520 730 963

395 880 433 942 ia
453 897 493 944 co
513 897 596 942 saise
618 877 808 941 libertatem
833 879 977 961 portarit,
999 879 1037 939 ut
1056 876 1170 960 facere
1200 875 1308 947 liceat.
1339 877 1519 960 quodcun-

396 1013 461 1078 que
488 994 647 1058 coliculus
675 990 823 1066 iusserit,
844 988 945 1055 modo
965 1009 1009 1054 icc
1029 988 1161 1075 lapibus
1190 989 1332 1055 vetitam
1356 991 1408 1061 sit.
1430 993 1522 1076 quod

395 1127 466 1174 noa
485 1107 641 1194 aquiescit
661 1104 856 1171 Stoicorum
874 1103 1040 1170 doctriua.

450 1225 486 1288 V.
509 1226 649 1288 73-74.
671 1223 845 1288 Libertate
865 1241 951 1306 opas
972 1223 1030 1296 est,
1051 1222 1206 1284 libertate
1218 1243 1305 1297 vera,
1320 1245 1420 1305 quam
1439 1247 1521 1307 prae-

396 1345 447 1404 ter
475 1341 663 1420 sapientem
691 1359 789 1402 nemo
819 1339 941 1401 habere
969 1342 1080 1417 potest
1109 1337 1291 1400 secundum
1321 1338 1458 1405 Stoicos.
1476 1379 1523 1386 —-

396 1453 476 1520 Nou
496 1453 569 1528 buc,
594 1459 633 1518 ut
662 1454 808 1537 quisque
843 1451 964 1518 Velina
992 1449 1145 1526 Publius,
1165 1453 1320 1516 libertate
1349 1476 1432 1536 opus
1462 1461 1520 1524 est.

398 1571 456 1634 sed
474 1591 543 1633 non
561 1590 599 1632 ea
618 1570 783 1639 libertate,
805 1589 870 1650 qua
889 1569 1078 1650 quicunque
1097 1569 1133 1630 in
1152 1568 1272 1632 Velina
1284 1570 1373 1632 tribu
1385 1570 1522 1634 Publius

399 1691 448 1750 est
467 1685 535 1764 (fit).
557 1687 577 1748 i.
600 1707 626 1748 e.
649 1706 713 1766 qua
734 1707 772 1748 ex
792 1705 886 1747 servo
907 1684 1095 1764 quicunque
1120 1684 1200 1746 civis
1223 1683 1396 1748 Romanus
1416 1688 1522 1750 lactus

398 1802 613 1882 consequitur
633 1805 666 1862 et
685 1801 722 1862 in
741 1799 831 1862 tribu
849 1799 969 1862 Velina
989 1800 1118 1861 censeri
1138 1804 1171 1861 et
1189 1819 1382 1879 praenomen
1401 1801 1522 1865 Roma-

398 1939 480 1981 num
504 1917 663 1996 accipere.
684 1953 698 1958 -
713 1952 728 1958 -·
749 1913 822 1984 buc,
854 1915 992 1996 supple:
1022 1913 1184 1978 libertate.
1207 1952 1252 1958 —
1269 1917 1317 1988 at,
1339 1916 1524 1979 insolenter

371 2119 373 2121 Ι
398 2054 459 2115 pro
479 2051 559 2116 qaia.
580 2069 624 2074 --
644 2029 788 2113 quisque
811 2050 871 2110 pro
892 2029 1097 2112 quicunque,
1119 2035 1156 2092 ut
1176 2030 1282 2092 Plaut.
1303 2029 1373 2093 Mil.
1398 2031 1469 2095 160.
1491 2035 1524 2092 et

399 2149 525 2231 passim
545 2145 634 2228 apud
650 2145 806 2207 Plautum
824 2148 856 2206 et
871 2145 1074 2207 Terentium.
1094 2183 1138 2188 w-
1165 2143 1284 2210 Veliae
1296 2143 1452 2213 Publius.
1468 2147 1524 2227 qui

399 2265 588 2329 libertatem
611 2265 729 2324 nactus
750 2265 829 2336 erat,
851 2262 879 2323 is
899 2281 1095 2341 praenomen
1122 2261 1312 2325 Romanum
1340 2264 1524 2344 accipiebat

400 2381 451 2460 (cf.
472 2380 559 2441 infra
578 2399 625 2440 vs.
648 2379 712 2454 79.)
733 2376 883 2439 attribui
904 2375 1162 2440 adscribebatur.
1183 2415 1227 2420 —-
1253 2376 1383 2447 Vcliua.
1405 2379 1442 2440 in
1460 2379 1523 2442 Ve-

399 2497 470 2559 lina
488 2494 595 2568 tribu;
616 2493 740 2556 tribum
756 2492 911 2555 Velinum
929 2492 1071 2572 exempli
1091 2493 1163 2557 loco
1181 2491 1284 2561 affert,
1305 2495 1343 2555 ut
1361 2492 1442 2558 Hor.
1462 2493 1522 2574 Ep.

399 2611 424 2674 1.
447 2613 476 2684 6,
498 2610 559 2672 52:
581 2610 653 2671 «hic
672 2608 816 2671 multum
833 2609 868 2669 in
888 2607 993 2670 Fabia
1005 2608 1059 2669 val
1081 2610 1103 2674 t.
1125 2607 1181 2668 ille
1203 2607 1352 2669 Velina.»
1375 2645 1419 2650 ——
1439 2627 1525 2671 eur-e·

400 2721 480 2801 ruit,
503 2725 644 2788 emeruit
664 2724 833 2787 servitutis
853 2724 947 2805 quasi
971 2722 1148 2803 stipendia.
1163 2721 1210 2786 Of.
1232 2721 1297 2787 Cic.
1317 2722 1366 2785 lle
1385 2744 1453 2788 sen.
1475 2722 1524 2799 ll,

400 2844 463 2905 49:
487 2842 548 2902 «At
566 2841 626 2902 illa
645 2841 762 2921 quanti
776 2844 863 2913 sunt,
879 2840 1030 2901 animum
1050 2841 1221 2917 tamquam
1239 2838 1386 2900 emeritis
1400 2840 1526 2919 stipen-

401 2958 465 3022 diis
494 2957 651 3029 libidinis,
673 2956 875 3045 ambitionis.
897 2954 1132 3026 contentionis,
1153 2954 1414 3019 inimicitiarum.
1436 2955 1526 3034 cupi-

403 3074 544 3136 ditatum
567 3073 718 3134 omnium
747 3092 860 3133 seeum
880 3068 1029 3132 essei-
1045 3106 1050 3110 -
1069 3066 1263 3131 scabiosam
1285 3068 1451 3133 tesserula
1469 3069 1528 3151 lbi·

402 3187 566 3256 Possidet.
588 3189 675 3249 cives
695 3207 860 3268 pauperes
884 3185 998 3247 Romus
1027 3185 1233 3245 frumentum
1254 3205 1270 3244 c
1290 3182 1422 3262 publico
1443 3185 1526 3245 acci-

403 3302 558 3383 piebant3
580 3302 608 3365 is
628 3303 737 3382 igitur.
756 3302 813 3382 qui
825 3299 1090 3362 manumissione
1112 3319 1128 3359 e
1149 3318 1243 3359 servo
1263 3297 1343 3359 civis
1355 3296 1527 3359 Romanus

404 3421 510 3482 lactus
531 3420 589 3485 est.
611 3419 674 3480 hoc
693 3416 892 3479 beneficium
922 3414 1076 3476 libertate
1105 3414 1178 3492 ipsa
1200 3411 1340 3491 adeptus
1372 3416 1431 3474 est.
1461 3413 1527 3475 lta-

404 3555 467 3617 que
489 3534 647 3615 permulti
662 3531 995 3598 manumittebantur,
1016 3534 1054 3591 ut
1072 3526 1233 3590 beneficio
1246 3526 1526 3610 illoiruerentur;

405 3652 444 3713 cl.
464 3649 562 3712 Dion.
587 3648 664 3711 Hal.
693 3647 747 3710 IV.
778 3649 839 3721 243
868 3647 932 3709 Dio
962 3644 1053 3708 Casu.
1083 3641 1232 3705 XXXIX.
1258 3642 1310 3702 ll.
1395 3640 1527 3704 3ιίιὺιό-

405 3783 483 3827 suut
501 3814 508 3826 .
526 3815 531 3825 .
552 3815 557 3826 .
577 3763 865 3847 lustramentum
887 3762 953 3825 situ
974 3762 1166 3839 corruptum
1187 3778 1224 3818 ox
1240 3756 1404 3835 granariis
1419 3755 1528 3836 publi-

405 3880 461 3941 cis
482 3875 640 3942 Scabiciu
660 3880 769 3959 pomis
789 3879 905 3940 tribuit
924 3878 998 3939 Juv.
1018 3875 1055 3937 V.
1080 3874 1160 3937 153:
1185 3872 1251 3934 «Tu
1276 3870 1384 3933 scabie
1410 3871 1529 3932 frueris

405 3994 503 4056 mali»
525 3994 545 4056 i.
568 4015 594 4056 e.
615 3995 704 4056 malo
726 3995 886 4057 scabioso.
907 4031 950 4036 -—
971 3989 1146 4056 tesserula.
1168 3987 1294 4050 civibus
1325 3985 1529 4065 pauperibus

405 4113 531 4172 tessera
550 4086 699 4183 dabatur,
721 4129 785 4190 qua
804 4110 935 4191 prolata
952 4108 1050 4169 certis
1076 4105 1192 4167 diebus
1221 4103 1426 4164 frumentum
1446 4101 1529 4161 acci-

405 4226 552 4309 piebant.
573 4223 621 4288 cf.
639 4221 729 4289 Suet.
746 4226 828 4306 Aug.
846 4227 908 4289 40:
933 4244 994 4285 «ne
1007 4222 1101 4303 plebs
1113 4218 1413 4283 frumentationum
1430 4236 1530 4277 causa

406 4342 613 4425 frequentius
629 4340 670 4403 ab
687 4343 831 4421 negotiis
848 4342 1115 4413 avoca1·etur‚ter
1130 4336 1167 4397 in
1184 4354 1310 4397 annum
1330 4337 1529 4412 quaternum
