3917 5475
901 735 1011 778 einins
1026 736 1068 779 Vl.
1089 732 1171 779 1---6,

633 910 750 985 Intiger
771 912 801 967 et
822 910 910 968 laetus
931 909 1002 967 laets
1024 913 1055 966 et
1076 912 1236 980 iuvenalia
1259 909 1335 968 lusi:

675 1026 733 1084 Illa
754 1028 859 1084 tamen
880 1045 964 1085 nunc
986 1044 1038 1083 me
1061 1027 1269 1102 composuisse
1291 1027 1390 1102 piget;

474 1250 552 1313 ibid.
572 1249 614 1313 ΙΙ.
635 1250 831 1313 neit-nse:

857 1408 864 1427 .
885 1407 894 1426 .
917 1410 925 1424 .
946 1385 1011 1424 non
1032 1367 1134 1424 tristia
1154 1367 1293 1423 carmina
1312 1365 1380 1435 feci,

636 1479 695 1540 Sed
716 1482 813 1539 tristis
835 1485 957 1540 nostros
979 1499 1080 1558 poena
1102 1485 1204 1540 secuto
1225 1482 1326 1551 iocos;

475 1715 555 1779 Hor.
576 1717 613 1779 A.
635 1715 668 1778 P.
691 1715 830 1780 83—85.
853 1713 892 1777 de
913 1717 1008 1796 poesi
1027 1715 1148 1797 lyrica:

595 1873 684 1931 Muse
705 1872 789 1931 dedit
810 1873 924 1950 fidibus
947 1873 1036 1931 divos
1057 1892 1227 1949 puerosque
1249 1872 1378 1932 deorum

595 1987 635 2046 Et
656 1989 791 2065 pugilem
812 1991 960 2048 victorem
983 1994 1013 2048 ct
1035 2008 1146 2066 equum
1168 1990 1336 2048 certamine
1357 1990 1493 2064 primum

595 2105 636 2163 Et
656 2108 806 2164 iuuenum
828 2125 919 2164 euros
942 2107 973 2162 et
994 2103 1090 2163 libera
1110 2106 1185 2162 vina
1204 2105 1328 2164 referre.

475 2329 520 2338 -
539 2292 676 2358 iuuenes
697 2343 704 2356 .
727 2344 733 2356 .
755 2345 760 2356 .
786 2293 885 2361 iocos.
915 2297 952 2355 ut
982 2293 1039 2358 Ov.
1060 2291 1140 2357 Met.
1161 2293 1231 2358 VH.
1252 2295 1337 2359 esc:
1362 2295 1518 2360 «iuvenes
1538 2315 1601 2359 an-

475 2429 567 2472 nos.»
590 2446 634 2453 —
653 2409 786 2494 upitore
805 2409 907 2484 icone,
928 2410 1042 2482 iocari,
1064 2415 1101 2473 ut
1121 2410 1178 2475 Ov.
1199 2409 1279 2475 Met.
1308 2410 1367 2475 III.
1399 2411 1599 2478 318-3202

598 2567 624 2625 F
626 2571 691 2627 orte
711 2568 818 2627 Iovem
839 2573 1022 2639 memorant,
1046 2568 1191 2629 diffusum
1212 2573 1345 2641 nectare,
1368 2589 1456 2629 curas

599 2682 776 2759 Seposuisse
798 2704 904 2760 graves
925 2704 1080 2762 vacuaque
1103 2689 1236 2763 opitu-sse
1257 2688 1402 2746 remissos

599 2800 676 2861 Cum
696 2801 817 2859 Iunone
839 2804 927 2860 iocos

477 3027 522 3035 —
536 2988 661 3074 pollice
681 2988 830 3065 honesto,
852 2993 940 3052 recto
960 2991 1105 3054 scholia:
1130 2991 1234 3070 «Quia
1261 2992 1497 3056 citharizantes
1527 3011 1602 3055 non

479 3107 1000 3188 solumplectro‚ve1umetiam
1028 3106 1132 3188 digito
1161 3106 1200 3169 de
1228 3107 1361 3171 chordis
1390 3126 1491 3171 sonos
1520 3106 1603 3169 edu-

479 3227 591 3300 cuntu3
611 3225 650 3287 cf.
670 3224 765 3306 Verg.
786 3224 868 3287 Aen.
889 3223 942 3287 VI.
965 3225 1051 3290 647:
1078 3225 1232 3305 «Iamque
1253 3224 1368 3287 eedem
1387 3223 1509 3304 digitis,
1531 3223 1603 3285 iam

477 3340 609 3423 pectine
628 3341 741 3421 pulsat
758 3340 882 3404 eburno
889 3366 914 3404 c.
932 3339 1093 3416 Honeste,
1115 3343 1192 3424 quia
1207 3341 1331 3405 Bassus
1348 3343 1449 3404 etiam
1464 3340 1500 3404 in
1515 3340 1603 3403 iocis

480 3458 622 3520 servavit
645 3457 865 3521 honestatem.
886 3494 931 3501 -—
950 3455 1121 3543 Eprepius
1144 3457 1277 3534 lusisse,
1298 3458 1339 3521 de
1358 3478 1421 3521 usu
1439 3456 1601 3520 infinitivi

479 3573 518 3635 cf.
537 3571 788 3636 adnotationem
809 3572 850 3635 ad
868 3572 892 3635 1.
909 3574 971 3637 59:
993 3572 1139 3636 «Imitari
1158 3572 1310 3636 mobilis»
1332 3577 1365 3635 et
1382 3572 1406 3635 I.
1421 3573 1485 3636 42:
1511 3592 1602 3635 «me-

479 3690 617 3753 riusses.
640 3687 782 3754 Lusisse
812 3691 900 3753 idem
932 3690 1000 3753 iere
1033 3688 1207 3771 significat,
1241 3688 1328 3770 quod
1359 3708 1459 3769 supra
1485 3707 1533 3751 vs.
1556 3690 1603 3752 5:

483 3806 638 3868 »iuvenes
658 3806 783 3886 agitare
803 3806 924 3869 iocos».
947 3805 993 3869 Of.
1014 3805 1094 3868 Hor.
1115 3804 1176 3886 Ep.
1196 3804 1237 3868 II.
1260 3805 1289 3872 ᾖ.
1313 3802 1507 3867 tet—143:

599 3966 752 4024 Nimirum
776 3986 882 4042 sapere
905 3968 951 4024 est
971 3965 1099 4023 abiectis
1121 3965 1195 4023 utile
1216 3967 1311 4040 aupes·

598 4080 638 4138 Et
660 4083 876 4155 tempestivum
899 4083 1002 4156 pueris
1024 4082 1192 4140 concedere
1214 4082 1324 4140 iudum

599 4196 642 4254 Ac
663 4216 727 4254 non
747 4196 842 4255 verba
862 4200 948 4273 sequi
968 4197 1080 4256 fidibus
1101 4195 1288 4255 modulanda
1308 4195 1438 4278 latinis

480 4386 536 4449 ubi
555 4404 656 4471 scrupeo
677 4389 709 4447 et
730 4383 830 4448 {udus
850 4385 1025 4447 referenda
1045 4389 1123 4448 sunt
1143 4385 1184 4447 ad
1203 4385 1340 4466 lyricam
1367 4382 1502 4446 Horatii
1520 4404 1605 4466 poe-

481 4503 541 4574 sin,
562 4502 746 4583 praeseitim
766 4501 807 4563 ad
826 4503 974 4565 carmina
994 4502 1173 4577 amatoria3
1195 4499 1251 4566 Ov.
1273 4502 1368 4564 Trist.
1388 4499 1413 4564 I.
1434 4501 1464 4575 9,
1486 4501 1538 4566 61.
1561 4502 1607 4567 de
