3917 5475
847 695 957 739 1111111
974 696 1004 740 v.
1451 676 1487 729 39

361 872 444 936 Vive
465 893 596 935 memor
615 873 682 942 leti,
705 873 790 952 fugit
810 873 901 944 hora,
923 872 995 939 hoc.
1018 870 1105 952 quod
1124 871 1250 953 loquor,
1272 870 1351 934 inde
1371 874 1450 937 est»

363 986 516 1070 linquid
537 988 633 1069 agis?
650 988 784 1070 Duplici
804 988 841 1049 in
859 986 1029 1049 diversum
1049 985 1209 1049 scindaris
1230 986 1340 1051 hamo.

362 1104 521 1167 Huncine
542 1126 586 1167 an
606 1106 695 1168 hunc
716 1104 888 1185 sequeris?
908 1101 1035 1165 Subeas
1052 1103 1201 1165 alternus
1221 1106 1352 1184 oportet
1497 1130 1539 1170 111

362 1222 512 1303 Ancipiti
532 1221 691 1301 obsequio
712 1219 876 1285 dominos.
896 1220 1044 1282 altemus
1065 1220 1205 1282 oberres.

409 1336 475 1398 Nec
496 1340 542 1411 tu,
565 1357 641 1398 cum
660 1336 829 1398 obstiteris
850 1336 953 1397 semel
969 1335 1176 1415 instantique
1196 1337 1329 1416 negaris

363 1451 484 1514 Parere
503 1453 664 1534 imperio:
689 1448 881 1533 «Rupi'iam
901 1451 1051 1513 vincula»
1074 1450 1183 1528 dicas;

363 1566 450 1629 Nam
469 1570 501 1630 et
520 1567 645 1631 luctata
665 1569 757 1631 cauis
776 1566 904 1630 nodum
923 1567 1053 1647 abripit.
1076 1570 1109 1628 at
1128 1570 1242 1629 tamen
1260 1568 1319 1636 illi.

363 1681 449 1745 Cum
468 1683 561 1763 fugit,
585 1704 604 1746 a
623 1683 709 1745 collo
728 1682 874 1745 trahitur
892 1702 969 1764 pars
988 1682 1089 1761 longa
1108 1686 1242 1744 catenae.
1496 1707 1536 1747 rao

368 1796 486 1870 «Dave,
508 1800 583 1872 cito,
605 1800 668 1862 hoc
692 1798 806 1861 credas
825 1798 933 1865 iubeo,
955 1798 1052 1859 finire
1073 1796 1204 1860 dolores

363 1913 554 1977 Praeteritos
573 1915 733 1977 meditor»
756 1912 959 1975 -crudum
979 1912 1218 1975 Chaerestratus
1238 1886 1386 1995 unguem

363 2028 536 2091 Adrodens
556 2031 604 2092 ait
623 2031 692 2091 haec
709 2067 754 2073 —
778 2050 839 2091 «an
856 2029 951 2091 siccis
971 2028 1113 2090 dedecus
1133 2028 1262 2091 obstem

364 2143 547 2225 Cognatis?
564 2147 617 2207 An
636 2166 706 2208 rem
726 2146 869 2227 patriam
888 2165 1022 2207 rumore
1042 2146 1177 2207 sinistro

363 2260 483 2323 Limen
503 2261 544 2323 ad
564 2262 753 2324 obscaenum
771 2263 932 2340 frangam,
954 2260 1033 2322 dum
1053 2259 1223 2341 Chrysidis
1241 2259 1325 2324 udas
1495 2290 1535 2331 111

363 2375 484 2439 Ebrius
504 2380 582 2440 ante
601 2378 689 2439 fores
709 2378 870 2439 exstincta
890 2397 964 2438 oum
986 2379 1056 2439 face
1076 2382 1214 2441 cantol»
1238 2412 1279 2419 -

359 2493 477 2574 «Euge
496 2514 587 2575 puer,
610 2494 729 2574 sapias,
751 2492 802 2555 dis
826 2492 1070 2574 depellentibus
1094 2514 1215 2574 agnam

362 2609 530 2671 Percutel
554 2646 598 2651 —
622 2606 705 2671 «Sed
724 2629 856 2676 censen,
878 2609 1030 2691 plorabit,
1052 2608 1329 2676 11111111101111
1357 2647 1396 2651 -ψ

367 2724 552 2806 «Nugaris‘l
571 2722 677 2797 Solea,
698 2746 789 2807 puer,
813 2724 1028 2806 obiurgabere
1048 2725 1155 2788 rubra.

361 2839 408 2900 Ne
427 2840 595 2922 trepidare
614 2841 697 2902 velis
715 2845 816 2922 atque
837 2846 926 2903 artos
947 2841 1062 2903 rodere
1083 2861 1201 2913 casses,
1492 2871 1533 2912 110

310 2936 317 2946 ’
361 2955 455 3017 Nunc
476 2957 565 3018 ferus
586 2959 618 3019 et
636 2957 774 3030 violens,
794 2961 827 3019 at
847 2957 875 3019 si
893 2962 1007 3020 vocet:
1030 2956 1146 3019 cHaud
1162 2977 1273 3019 mora»
1296 2955 1416 3020 dicas.»
1438 2994 1478 3000 —

365 3068 551 3148 «Quidnam
569 3071 672 3152 igitur
696 3072 842 3135 faciam?
864 3073 931 3134 Nec
954 3092 1053 3146 nunc,
1076 3092 1152 3133 cum
1175 3076 1320 3135 arcessat
1340 3075 1372 3135 et
1390 3071 1478 3135 ultro

361 3183 540 3267 Supplicet,
563 3185 757 3250 accedam‘l»
781 3225 825 3230 —
849 3186 902 3249 «Si
921 3191 1012 3249 totus
1033 3191 1064 3248 et
1083 3188 1213 3267 integer
1230 3188 1324 3250 illinc

358 3301 504 3373 Exieras
525 3322 587 3363 nec
606 3322 727 3364 nunc».
748 3302 821 3370 Hic,
843 3303 906 3371 hic,
928 3303 1017 3383 quod
1037 3304 1224 3384 quaerimus,
1246 3305 1300 3367 hio
1321 3307 1378 3378 est,

359 3417 433 3480 Non
452 3418 489 3480 in
509 3419 644 3492 festuca,
666 3419 764 3480 lictor
782 3439 882 3498 quam
901 3419 1002 3481 iactat
1021 3419 1165 3500 ineptus.
1490 3450 1531 3491 175

402 3535 460 3598 Ius
480 3535 581 3597 habet
599 3535 656 3597 ille
677 3535 737 3602 1111,
759 3535 859 3616 palpo
879 3555 979 3615 quem
998 3535 1086 3598 tollit
1105 3535 1257 3598 hiantem

359 3650 491 3714 Cretata
509 3650 681 3713 Ambitio?
704 3649 829 3730 «Vigila
849 3655 882 3712 et
901 3651 987 3712 cicer
1004 3651 1119 3731 ingere
1139 3651 1229 3731 large

356 3765 492 3830 Rixanti
510 3767 645 3849 populo,
667 3771 782 3829 nostra
800 3771 838 3829 ut
856 3767 1003 3830 Floralia
1021 3769 1153 3850 possint

357 3882 469 3965 Aprici
487 3884 683 3946 meminisse
704 3904 831 3946 senes».
853 3883 939 3962 Quid
957 3886 1155 3967 pulchrius?
1172 3886 1215 3947 At
1236 3906 1311 3948 cum

357 3999 501 4063 Herodis
520 4020 641 4062 venera
660 3999 740 4073 dies,
760 4003 926 4082 unctaque
947 4003 1091 4064 fenestra

357 4116 535 4199 Dispositae
555 4117 716 4198 pinguem
735 4117 893 4181 nebulam
912 4138 1068 4180 vomuere
1089 4120 1231 4181 lucernae

358 4232 532 4297 Portantes
551 4233 666 4307 violae,
687 4231 890 4314 rubrumque
910 4235 1061 4315 amplexa
1081 4236 1229 4297 catinum

358 4347 469 4412 Gauda
487 4351 583 4412 natat
602 4349 732 4430 thynni,
753 4353 860 4412 tumet
879 4350 954 4413 alba
972 4349 1084 4413 fidelia
1102 4351 1190 4426 vino,

358 4463 464 4528 Labra
482 4483 598 4527 moves
617 4465 737 4528 tacitus
757 4466 961 4547 recutitaque
983 4466 1118 4529 sabbata
1137 4467 1252 4548 palles.
