3917 5475
771 1353 1001 1436 SATIRA
1028 1353 1101 1435 IV.

792 1572 895 1632 Nosce
916 1573 952 1632 to
972 1572 1089 1648 ipsum

432 1789 538 1854 Pars
561 1789 700 1870 prima
719 1791 729 1867 (
751 1839 759 1852 .
783 1789 913 1866 1-am
938 1785 1096 1854 Socrates
1112 1787 1290 1852 inducitur
1309 1807 1386 1852 curre
1405 1788 1503 1853 Alci·

382 1905 481 1972 biade
493 1905 613 1968 iuuene
626 1905 831 1987 colloquens.
845 1902 1044 1969 Alcibiades
1058 1902 1308 1986 rempublicam
1320 1909 1399 1969 urile
1413 1903 1504 1969 diem

380 2039 555 2104 capessere
572 2019 655 2096 uult,
670 2018 730 2083 sed
746 2017 911 2094 Socrates,
932 2019 1057 2084 acerba
1075 2019 1192 2084 ironia
1210 2039 1305 2100 usus,
1323 2019 1505 2086 νυνι-111111

382 2155 510 2216 earum,
531 2154 607 2218 auce
622 2134 790 2218 populum
811 2133 927 2200 docere
954 2135 1047 2217 velit,
1065 2135 1239 2220 capullum
1259 2133 1383 2201 babere
1403 2136 1504 2221 affir-

379 2253 462 2316 mat.
475 2248 621 2315 llualra
637 2268 714 2313 eum
732 2249 907 2315 aabllllalc
924 2253 953 2314 el
969 2250 1120 2334 corporis
1135 2249 1394 2335 prclcbrlludiue
1405 2251 1506 2336 bertla-

381 2371 559 2431 lumesse:
577 2385 671 2441 uam,
687 2366 716 2429 si
729 2365 911 2430 corallium
927 2367 1105 2450 spectetur,
1117 2364 1163 2430 ad
1180 2365 1394 2449 quodetiam
1405 2386 1506 2432 mam

382 2482 522 2568 dirlpat
543 2479 630 2546 uibil
659 2480 795 2566 differre
814 2482 857 2546 ab
882 2481 1004 2565 lissima
1031 2481 1138 2566 plebe,
1169 2501 1245 2546 cum
1274 2501 1450 2546 suolmam
1477 2483 1507 2547 ei

384 2599 511 2663 barrum
537 2595 696 2661 videatur
723 2597 874 2680 corporis
901 2597 1072 2681 uoluptas.
1101 2596 1232 2663 Eadem
1259 2597 1429 2682 sapieuliu
1454 2599 1506 2663 uli

383 2713 487 2780 eliam
506 2712 684 2778 auriculam
704 2713 799 2779 oleru
816 2713 855 2777 iu
872 2713 948 2798 faro
963 2713 1173 2795 caedentem,
1190 2733 1268 2779 urm
1279 2732 1406 2779 merces
1423 2732 1506 2779 suas

382 2832 420 2895 iu
439 2828 561 2893 calum
581 2828 696 2913 efferat
717 2827 886 2895 laudibus.

436 2945 472 3008 V.
498 2946 591 3008 1—3.
612 2944 698 3009 Rem
712 2944 836 3027 populi
852 2950 931 3020 etc.;
952 2966 1016 3009 vss.
1046 2947 1161 3009 1-2b.
1181 2950 1259 3010 sunt
1275 2947 1374 3011 verba
1391 2946 1506 3011 Socra-

382 3062 435 3124 tis.
457 3062 597 3124 Initium
617 3063 725 3124 satirae
746 3082 763 3123 e
783 3063 893 3142 priore
912 3063 1093 3134 Alcibiade,
1115 3065 1171 3145 qui
1202 3065 1291 3126 inter
1315 3062 1506 3127 Platonicos

383 3178 534 3259 dialogos
554 3181 704 3240 servatus
733 3182 791 3251 est,
822 3178 1009 3259 desumpsit
1036 3181 1154 3259 poeta3
1184 3199 1264 3242 nam
1291 3200 1355 3242 vsa.
1388 3178 1504 3240 1—202.

385 3292 529 3357 Socratis
550 3295 745 3366 orationem,
768 3313 832 3374 qua
852 3294 887 3355 in
906 3294 966 3356 illo
987 3293 1119 3375 dialogo
1140 3294 1345 3357 Alcibiadem
1358 3294 1504 3375 corripit,

384 3410 544 3477 imitatur,
566 3409 623 3471 sed
644 3410 699 3483 ita,
721 3413 766 3483 ut,
789 3429 864 3471 cum
884 3410 1017 3490 singula
1037 3411 1105 3471 fere
1125 3409 1203 3471 inde
1227 3412 1398 3471 mutuasse
1418 3409 1505 3470 clare

385 3527 553 3606 appareat,
575 3545 636 3588 suo
656 3528 770 3587 tamen
794 3544 886 3587 more
907 3526 1021 3587 omnia
1041 3526 1205 3606 exprimat
1224 3543 1331 3606 neque
1352 3524 1506 3585 servilem

383 3643 419 3703 in
440 3640 576 3704 modum
597 3641 765 3721 exemplar
783 3641 845 3703 sibi
862 3642 1072 3723 propositum
1090 3645 1255 3722 sequatur.
1276 3678 1319 3683 -
1339 3638 1423 3703 Rem
1438 3656 1506 3722 po·

384 3756 459 3841 puli
490 3758 628 3835 tractas,
658 3757 746 3819 idem
776 3757 949 3837 significat.
980 3756 1069 3837 quod
1097 3756 1337 3837 rempublicam
1365 3758 1506 3818 tractare

385 3873 474 3954 apud
491 3872 555 3936 Cic.
570 3871 618 3934 De
635 3892 703 3953 rep.
717 3872 741 3934 Ι.
757 3874 808 3945 15,
823 3874 875 3936 AO.
890 3870 937 3934 Cf.
952 3871 1017 3935 Cic.
1035 3872 1084 3934 De
1102 3876 1183 3934 orat.
1197 3872 1294 3937 1.45:
1318 3870 1380 3934 «Ut
1395 3890 1437 3932 ne
1455 3890 1507 3931 res

384 3992 510 4051 temere
539 3991 682 4051 tractent
709 3987 887 4050 turbidas.»
916 3987 1012 4065 Quod
1036 3987 1078 4049 ad
1097 4008 1167 4049 rem
1186 3988 1295 4069 ipsam
1315 3987 1444 4056 attinet,
1467 3985 1505 4047 cf.

385 4104 468 4166 Plat.
489 4104 558 4166 Alc.
579 4104 603 4166 I.
624 4124 656 4184 p.
680 4103 752 4168 106.
774 4102 798 4165 Ο
818 4103 928 4180 (verba
949 4102 1125 4181 socratis:
1145 4101 1269 4166 Διανοεῐ
1288 4106 1508 4185 rupeculam

386 4220 601 4305 συμβουλεύων
620 4214 796 4305 Ἀθηναίοις
817 4216 901 4290 ἐντὸς
931 4214 965 4282 ab
989 4220 1103 4283 πολλοῦ
1128 4225 1242 4305 χρόνου
1272 4223 1304 4281 et
1332 4217 1401 4281 ibid
1435 4218 1505 4280 118.

386 4334 412 4399 Β
433 4359 440 4398 :
460 4332 515 4397 Διὸ
535 4336 589 4398 καὶ
609 4332 708 4418 ᾄττεις
724 4338 799 4417 πρὸς
818 4337 856 4396 τὰ
876 4335 1017 4398 πολιτικὰ
1035 4337 1102 4416 πρὶν
1118 4334 1326 4420 παιδευθῆναι
1337 4359 1345 4411 ;
1366 4333 1506 4396 eandem

387 4472 457 4515 rem
477 4452 612 4531 attingit
624 4450 707 4513 Plat.
729 4448 840 4531 Symp.
859 4471 890 4532 p.
905 4452 979 4515 ata.
994 4452 1031 4525 A,
1046 4451 1102 4513 ubi
1118 4450 1306 4515 Alcibiades
1319 4450 1359 4513 de
1374 4449 1507 4513 Socrate

437 4591 558 4643 Ne'mtlm:
571 4592 597 4635 Α,
613 4592 691 4633 Persii
704 4591 788 4633 Flacci
803 4591 909 4635 Sutirae.
1205 4595 1207 4600 ·
1406 4572 1438 4623 ld
1568 4611 1570 4620 .
