3917 5475
796 1303 1029 1387 SATIRA
1055 1305 1090 1387 L

756 1526 795 1584 In
814 1526 920 1584 malos
940 1526 1128 1602 scriptores.

430 1739 673 1805 Exordium
697 1743 707 1819 (
729 1791 737 1804 .
773 1738 1026 1820 1---16.)Ρ6616
1048 1741 1164 1825 pricio
1185 1740 1502 1807 616116166666116-

379 1857 544 1921 61666166
562 1875 675 1922 666666
704 1855 884 1922 bominum
912 1875 983 1921 esse
1012 1857 1273 1943 66311961661666,
1294 1875 1359 1940 quo
1384 1856 1502 1921 audito

378 1971 606 2037 interlooulor
632 1971 774 2055 6661116111
801 1971 1227 2038 66616666111661161166666
1255 1973 1502 2055 temptatorem

380 2088 469 2153 tolia
488 2087 647 2152 66666166
675 2108 774 2153 cremo
803 2090 849 2154 sit
871 2089 1028 2154 1661666116.
1060 2087 1167 2153 Poeta
1195 2084 1374 2171 respondet
1401 2106 1437 2151 se
1467 2086 1504 2149 ia

380 2208 452 2269 1661.
473 2208 631 2288 corrupto
651 2203 692 2271 116
712 2205 832 2271 litteris
852 2204 989 2280 16111616,
1003 2202 1086 2288 qaid
1105 2203 1256 2269 Rotnani
1275 2201 1315 2268 de
1335 2202 1502 2267 carmini-

381 2320 445 2383 bus
466 2320 540 2384 suis
557 2318 685 2385 (11616661
715 2322 795 2401 sint,
822 2340 893 2387 666.
921 2341 1053 2399 curare,
1082 2318 1141 2385 scd
1168 2319 1251 2403 ipsis
1270 2318 1362 2383 ciliis
1383 2319 1504 2385 notetis

378 2456 463 2500 61166
482 2434 528 2500 ad
546 2437 673 2502 satiras
702 2438 900 2503 scribendas
930 2437 993 2502 tali
1020 2433 1121 2501 modo
1150 2434 1306 2515 concitari,
1326 2438 1371 2529 'at
1396 2438 1503 2499 166666

381 2556 537 2635 creancet.

432 2668 470 2732 V.
497 2670 523 2732 1.
549 2666 577 2732 Ο
597 2689 699 2735 curas
718 2669 906 2752 bominum,
926 2689 944 2734 o
966 2669 1132 2753 6616111666
1153 2665 1500 2732 6611666116616666.

381 2784 407 2847 0
428 2805 529 2866 quam
547 2807 641 2848 vanae
667 2792 746 2850 sunt
774 2788 950 2851 hominum
979 2806 1074 2852 cura.
1097 2806 1115 2847 o
1136 2787 1260 2866 quanta
1281 2784 1385 2846 estin
1405 2783 1503 2846 rebus
1551 2793 1557 2802 “

380 2901 540 2963 humanis
559 2902 716 2976 inanitas,
738 2904 900 2966 exclamat
915 2904 1024 2982 poeta.
1042 2900 1184 2963 Versum
1204 2919 1222 2961 a
1242 2898 1370 2961 Lucilio
1391 2919 1503 2979 sump-

381 3016 433 3082 sit.
455 3017 627 3079 utstatim
645 3018 682 3079 in
702 3017 834 3080 exordio
863 3017 1029 3098 poematis
1059 3037 1093 3078 se
1114 3016 1250 3078 satiram
1271 3035 1342 3076 esse
1363 3014 1502 3093 scriptu-

380 3151 456 3192 rum
469 3131 680 3211 significaret.
699 3131 746 3196 Cf.
761 3133 906 3198 scholia:
931 3132 1048 3194 «Hunc
1064 3150 1197 3192 versum
1213 3128 1253 3191 de
1271 3129 1378 3191 Lucili
1393 3129 1502 3209 primo

380 3247 555 3309 transtulit
574 3251 606 3310 et
623 3246 710 3311 bene
729 3251 805 3312 vitae
833 3250 915 3311 vitia
942 3249 1121 3327 increpans
1150 3246 1190 3307 ab
1210 3244 1431 3307 admiratione
1452 3245 1500 3304 111-

381 3361 491 3441 cipit.»
515 3361 607 3425 Idem
635 3385 697 3427 nos
717 3364 813 3428 docet
838 3365 915 3428 Vita
942 3364 1047 3426 Persii
1076 3361 1116 3424 de
1145 3360 1384 3423 commentario
1404 3359 1501 3422 Probi

379 3477 505 3540 Valerii
526 3479 665 3554 sublata,
696 3481 755 3544 sed
781 3502 841 3562 pro
870 3483 978 3562 primo
1008 3480 1128 3542 Lucilii
1155 3477 1239 3540 libro
1264 3478 1502 3538 commemorat

381 3592 567 3658 decimum:
592 3594 687 3658 «Mox
704 3600 778 3659 uta
795 3597 908 3660 schola
928 3595 1162 3676 magistrisque
1183 3591 1323 3654 devertit
1345 3593 1399 3667 (sc.
1425 3587 1500 3649 Per-

382 3709 473 3787 sius),
495 3709 580 3771 lecto
601 3710 722 3773 Lucilii
741 3711 825 3774 libro
842 3710 971 3774 decimo
983 3710 1200 3773 vehementer
1219 3709 1348 3769 saturas
1368 3725 1501 3786 compo-

381 3846 462 3888 nere
481 3825 617 3896 studuit,
640 3828 734 3890 cuius
750 3828 825 3890 libri
842 3829 1046 3908 principium
1062 3826 1213 3888 imitatus
1227 3827 1285 3897 est,
1307 3821 1370 3884 sibi
1381 3821 1499 3902 prime.

382 3961 460 4002 mox
478 3940 634 4003 omnibus
650 3940 893 4005 detrectatnrns
913 3961 990 4003 cum
1009 3943 1103 4002 tanta
1122 3938 1307 4002 recentium
1326 3940 1501 4017 poetarum

384 4060 416 4118 et
446 4061 617 4120 oratorum
648 4059 877 4131 insectatione,
910 4062 948 4120 nt
979 4059 1080 4119 ctiam
1108 4056 1284 4125 Neronem,
1314 4053 1500 4135 principem

383 4174 473 4236 illius
501 4175 671 4255 temporie,
701 4176 952 4258 inculpaverit.»
985 4171 1081 4238 Unde
1111 4173 1258 4253 primum
1286 4170 1362 4232 libri
1381 4167 1501 4230 decimi

385 4286 548 4350 Luciliani
577 4308 711 4354 versum
738 4309 758 4351 a
786 4289 898 4351 Persio
919 4288 984 4349 huc
1012 4287 1212 4349 translatum
1233 4304 1304 4347 esse
1324 4281 1481 4345 coniicias
1494 4306 1503 4357 ;

384 4406 618 4484 argumentum
638 4405 728 4467 enim
756 4405 857 4466 huius
876 4402 951 4465 libri
982 4403 1090 4465 simile
1110 4401 1213 4463 fuisse
1234 4400 1429 4480 argumento
1451 4416 1505 4458 sa·-
