3917 5475
464 698 516 752 ”26⁹2
878 719 989 764 smmi
1004 719 1032 762 v,
1053 717 1174 764 rc-re.

464 897 501 961 V.
531 897 727 962 298—299:
752 909 946 976 «nunquam
975 898 1070 958 tento
1099 896 1297 976 paventibus
1329 897 1399 960 ulle
1427 897 1498 960 Nox
1525 896 1589 959 Mi-

465 1012 540 1094 nyis
561 1014 672 1092 egestu
691 1014 812 1084 metu.»
835 1010 914 1073 ibid.
936 1009 1023 1074 VIII.
1045 1011 1129 1074 453:
1154 1014 1242 1073 «tota
1266 1012 1410 1093 querelis
1435 1012 1592 1092 Egeritur

337 1207 346 1234 ·
465 1127 611 1209 fletuque
631 1125 733 1189 dies».
754 1125 855 1188 Recte
878 1124 1041 1187 Heinrich
1068 1129 1111 1207 (p.
1144 1127 1216 1190 153.
1247 1126 1327 1205 ed.):
1361 1127 1485 1212 «eqertt
1511 1148 1589 1190 vom

467 1241 587 1306 Sohiffe
611 1241 881 1320 hergenommen‚
915 1258 1049 1326 operere
1075 1240 1256 1327 senticem,
1277 1241 1369 1304 donn
1388 1262 1424 1304 so
1444 1243 1511 1306 viel
1540 1244 1590 1306 als

466 1355 638 1441 paulatim
658 1353 851 1419 exhaurire.
873 1355 953 1418 Dies
973 1356 1094 1418 immer
1120 1357 1411 1420 wiederkehrende
1440 1377 1518 1424 cros
1540 1381 1589 1423 er-

468 1471 599 1552 echo'pft
619 1469 752 1532 endlich
772 1469 830 1533 dos
850 1489 954 1550 gome
974 1471 1118 1535 Leben.»
1142 1509 1186 1515 —
1206 1491 1340 1555 semper
1354 1472 1506 1556 poclum
1526 1473 1591 1538 eret

467 1585 569 1660 ultre,
591 1583 674 1648 illud
693 1603 781 1660 oros,
802 1585 838 1648 in
855 1585 941 1666 quod
957 1589 995 1650 tu
1011 1587 1145 1669 incepto
1161 1587 1283 1662 differs,
1299 1609 1432 1670 semper
1451 1589 1591 1669 paulurn

468 1701 555 1764 ultro
582 1702 615 1762 te
645 1699 715 1770 erIt.
745 1699 765 1762 i.
797 1719 823 1763 e.
855 1721 1029 1784 nunquam
1057 1702 1142 1765 illud
1170 1721 1241 1765 cres
1272 1703 1469 1783 assequeris,
1499 1723 1591 1777 num,

469 1834 638 1896 quousque
662 1816 872 1894 processeris,
903 1837 1036 1898 semper
1067 1819 1216 1880 futurum
1248 1818 1310 1879 erit
1337 1818 1398 1880 tibi
1429 1839 1510 1882 cres.
1541 1817 1589 1881 Cf.

468 1929 563 1993 Ioen.
582 1926 695 2010 Chrys.
713 1928 755 1992 od
771 1950 847 2012 pop.
864 1931 1018 1997 Antioch.
1041 1934 1110 1998 lu:
1131 1932 1184 2019 Μή
1205 1956 1256 2019 μοι
1276 1934 1356 2013 λέγε,
1377 1931 1423 1997 ὅτι
1442 1940 1523 1997 κατὰ
1543 1957 1592 2020 μι-

468 2049 550 2128 κρὸν,
572 2043 650 2132 μηδὲ
671 2041 714 2118 εἰς
746 2048 799 2131 τὴν
829 2043 932 2129 αὔριον
962 2047 1149 2132 ἀναβάλλου,
1179 2047 1199 2136 ἡ
1227 2053 1286 2132 γὰρ
1311 2045 1415 2130 αὔριον
1446 2045 1591 2113 οὐδέποτε

468 2161 620 2246 λαμβάνει
639 2163 737 2236 τέλος.

521 2275 557 2338 V.
580 2277 720 2340 70—72.
741 2274 833 2342 Num
853 2280 1010 2362 quemvis·
1026 2299 1134 2365 prope
1155 2286 1184 2346 te
1205 2285 1285 2356 etc.;
1315 2284 1352 2342 ut
1378 2284 1451 2342 rote
1480 2283 1591 2362 poste-

470 2391 536 2454 rior
555 2412 669 2456 currus
689 2397 844 2477 quattuor
863 2399 952 2460 rotas
972 2397 1136 2472 habentis,
1158 2397 1309 2478 quemvis
1328 2397 1500 2459 celerrime
1520 2417 1593 2458 cur-

471 2511 529 2579 ret,
550 2528 722 2590 nunquam
742 2513 929 2592 assequitur
947 2515 1055 2575 rotem
1076 2512 1224 2576 eiusdem
1241 2532 1356 2574 currus
1375 2512 1530 2592 priorem,
1544 2512 1594 2572 ite

470 2622 591 2686 diletor
617 2624 684 2699 ille,
705 2627 760 2708 qui
781 2627 909 2707 egendo
938 2648 1069 2709 semper
1088 2629 1124 2690 iu
1142 2628 1231 2691 diem
1260 2627 1443 2689 crastinum
1471 2625 1592 2697 differt.

471 2762 642 2823 nunquam
661 2742 744 2805 illud
763 2763 841 2807 oros
861 2746 993 2826 assequi
1012 2748 1140 2826 potest;
1159 2766 1240 2808 nem
1255 2741 1515 2824 unumquodque
1536 2739 1594 2804 ho·

471 2854 525 2920 die
553 2858 653 2921 hebet
679 2879 880 2934 sunmerso,
901 2860 937 2923 in
957 2860 1045 2941 quod
1068 2862 1202 2941 incepto
1230 2859 1355 2922 differri
1377 2859 1528 2939 possunt.
1549 2893 1595 2898 --
1617 2844 1621 2852 ’

474 2980 603 3041 temese
619 2976 681 3041 eceb
700 2995 780 3051 ooo,
801 2979 836 3040 in
857 2976 974 3040 eodem
1003 2997 1110 3041 curru.
1130 3014 1174 3020 —
1193 2973 1366 3049 caeterum,
1388 2972 1522 3054 proprie
1542 2992 1593 3033 or-

472 3094 548 3156 bem
568 3095 710 3156 ferreum
731 3092 903 3174 signiticet,
925 3113 990 3175 quo
1010 3096 1082 3156 rote
1102 3091 1344 3165 circumdetur3
1365 3090 1428 3151 hoc
1447 3089 1519 3165 loco
1532 3107 1594 3167 pro

473 3213 545 3273 roto
564 3210 709 3290 ponitur.
731 3208 778 3273 Cf.
801 3210 912 3287 Quint.
942 3210 1024 3272 Inst.
1055 3209 1108 3273 Or.
1137 3208 1162 3271 I.
1193 3209 1223 3282 5,
1253 3207 1293 3270 8:
1326 3204 1595 3267 «Barberismum

473 3325 624 3407 pluribus
642 3324 750 3389 modis
763 3326 961 3405 accipimus:
982 3345 1087 3387 unum
1106 3327 1214 3403 gente,
1229 3322 1335 3403 quale,
1350 3321 1379 3411 si
1392 3320 1465 3400 quis
1477 3318 1596 3380 Afrum

472 3443 526 3505 vel
544 3442 734 3522 Hispanum
753 3441 880 3503 Letinae
901 3441 1044 3503 orationi
1072 3459 1197 3501 nomen
1226 3439 1360 3510 inseret,
1393 3440 1430 3497 ut
1458 3436 1593 3504 terrum,

474 3554 538 3641 qrfo
558 3561 637 3621 rotro
656 3558 856 3633 vinciuntur,
871 3556 936 3619 dici
950 3557 1035 3619 solet
1047 3552 1212 3618 caereus:
1230 3573 1432 3634 quemquem
1453 3571 1490 3613 eo
1510 3552 1597 3611 tam-

474 3694 574 3755 quam
590 3677 726 3753 recepto
746 3674 851 3736 utitur
875 3673 1039 3734 Persius».
1057 3707 1101 3713 —
1123 3666 1209 3733 Com
1228 3672 1306 3733 roto
1320 3665 1493 3751 posterior
1511 3683 1595 3728 cur·-

473 3810 541 3859 eos,
564 3790 591 3851 si
610 3792 647 3851 tu
666 3792 744 3851 rotae
764 3788 958 3868 posterioris
978 3790 1091 3868 partes
1111 3786 1191 3865 egis,
1216 3784 1289 3847 Hoc
1315 3784 1388 3846 loeo
1409 3782 1597 3844 subiectum

475 3909 525 3967 est
544 3908 590 3973 tu.
616 3904 669 3965 cui
697 3902 848 3965 addendo
878 3906 927 3965 est
956 3902 1142 3983 oppositio:
1170 3903 1208 3964 ut
1234 3903 1312 3963 roto
1334 3896 1515 3982 posterior.
1546 3895 1596 3958 Cf.
1659 3873 1664 3890 ⁸

456 4050 458 4053 ·
476 4022 725 4084 adnotationem
746 4019 788 4082 cd
806 4019 859 4083 VI.
882 4020 941 4082 37:
966 4018 1117 4081 «Bessus
1136 4021 1287 4098 urguet».

529 4136 634 4199 Pers
658 4134 845 4200 secunde
873 4143 912 4211 (v.
944 4134 1097 4212 73-90.)
1126 4131 1299 4196 Libertate
1331 4149 1416 4213 opus
1441 4131 1495 4192 est.
1528 4124 1598 4191 Sed

476 4252 574 4316 erotis
606 4269 673 4315 uos
700 4250 826 4335 suflicit
856 4249 995 4313 libertos
1023 4249 1088 4314 illo
1115 4248 1234 4318 civilis.
1265 4265 1334 4329 quo
1363 4242 1597 4328 sequimimos

477 4384 604 4438 servire,
624 4364 655 4428 st
674 4364 780 4429 volort
809 4362 977 4439 coortum,
1001 4363 1086 4427 liber
1112 4363 1150 4447 fit
1171 4365 1210 4434 et.
1229 4358 1451 4445 quomuorois
1472 4356 1502 4421 ei
1521 4355 1595 4441 dif-

476 4483 573 4565 fictos,
596 4499 710 4545 osores
729 4481 817 4545 iuris
842 4480 991 4545 oottoues
1012 4480 1169 4564 perficere
1196 4477 1293 4542 colet.
1316 4475 1475 4560 Plerique
1503 4474 1598 4538 ercisc
