<?xml version="1.0" encoding="UTF-8"?>
<!DOCTYPE html PUBLIC "-//W3C//DTD XHTML 1.0 Transitional//EN"
    "http://www.w3.org/TR/xhtml1/DTD/xhtml1-transitional.dtd">
<html xmlns="http://www.w3.org/1999/xhtml" xml:lang="en" lang="en">
 <head>
  <title>
</title>
<meta http-equiv="Content-Type" content="text/html;charset=utf-8" />
  <meta name='ocr-system' content='tesseract 3.04.00' />
  <meta name='ocr-capabilities' content='ocr_page ocr_carea ocr_par ocr_line ocrx_word'/>
</head>
<body>
  <div class='ocr_page' id='page_1' title='image "./satirae00persgoog_0180.png"; bbox 0 0 3917 5475; ppageno 0'>
   <div class='ocr_carea' id='block_1_1' title="bbox 469 644 1185 708">
    <p class='ocr_par' dir='ltr' id='par_1_1' title="bbox 469 644 1185 708">
     <span class='ocr_line' id='line_1_1' title="bbox 469 644 1185 708; baseline 0.017 -13"><span class='ocrx_word' id='word_1_1' title='bbox 469 644 520 696; x_wconf 87' lang='grc'><strong>178</strong></span> <span class='ocrx_word' id='word_1_2' title='bbox 871 660 982 704; x_wconf 73' lang='lat' dir='ltr'><strong>simas</strong></span> <span class='ocrx_word' id='word_1_3' title='bbox 996 660 1048 708; x_wconf 87' lang='lat'>111.</span> <span class='ocrx_word' id='word_1_4' title='bbox 1060 657 1185 708; x_wconf 68' lang='lat'><strong>52—55.</strong></span> 
     </span>
    </p>
   </div>
   <div class='ocr_carea' id='block_1_2' title="bbox 457 833 1589 3596">
    <p class='ocr_par' dir='ltr' id='par_1_2' title="bbox 457 833 1589 3217">
     <span class='ocr_line' id='line_1_2' title="bbox 467 833 1586 930; baseline -0.002 -26"><span class='ocrx_word' id='word_1_5' title='bbox 467 840 690 922; x_wconf 81' lang='lat' dir='ltr'><strong>sapientium3</strong></span> <span class='ocrx_word' id='word_1_6' title='bbox 719 840 757 900; x_wconf 91' lang='lat' dir='ltr'><strong>ut</strong></span> <span class='ocrx_word' id='word_1_7' title='bbox 784 835 865 899; x_wconf 89' lang='lat' dir='ltr'><strong>Hor.</strong></span> <span class='ocrx_word' id='word_1_8' title='bbox 895 833 963 919; x_wconf 76' lang='lat' dir='ltr'><strong>Sat.</strong></span> <span class='ocrx_word' id='word_1_9' title='bbox 984 835 1026 900; x_wconf 89' lang='grc' dir='ltr'><strong>Π.</strong></span> <span class='ocrx_word' id='word_1_10' title='bbox 1047 835 1076 909; x_wconf 85' lang='grc'><strong>3,</strong></span> <span class='ocrx_word' id='word_1_11' title='bbox 1108 836 1168 900; x_wconf 85' lang='grc'><strong>35;</strong></span> <span class='ocrx_word' id='word_1_12' title='bbox 1193 837 1399 930; x_wconf 72' lang='lat' dir='ltr'><strong>«sapientem</strong></span> <span class='ocrx_word' id='word_1_13' title='bbox 1416 836 1586 902; x_wconf 74' lang='lat' dir='ltr'><strong>barbam».</strong></span> 
     </span>
     <span class='ocr_line' id='line_1_3' title="bbox 466 950 1589 1033; baseline -0.004 -14"><span class='ocrx_word' id='word_1_14' title='bbox 466 956 532 1020; x_wconf 82' lang='lat' dir='ltr'><strong>Cic.</strong></span> <span class='ocrx_word' id='word_1_15' title='bbox 551 956 601 1018; x_wconf 89' lang='lat' dir='ltr'><strong>De</strong></span> <span class='ocrx_word' id='word_1_16' title='bbox 621 957 689 1018; x_wconf 90' lang='lat' dir='ltr'><strong>nat.</strong></span> <span class='ocrx_word' id='word_1_17' title='bbox 719 952 769 1016; x_wconf 88' lang='lat' dir='ltr'><strong>de.</strong></span> <span class='ocrx_word' id='word_1_18' title='bbox 799 951 850 1015; x_wconf 93' lang='grc' dir='ltr'><strong>Π..</strong></span> <span class='ocrx_word' id='word_1_19' title='bbox 865 952 923 1016; x_wconf 88' lang='lat'><strong>18:</strong></span> <span class='ocrx_word' id='word_1_20' title='bbox 952 950 1120 1015; x_wconf 84' lang='lat' dir='ltr'><strong>«eruditus</strong></span> <span class='ocrx_word' id='word_1_21' title='bbox 1140 951 1282 1033; x_wconf 81' lang='lat' dir='ltr'><strong>pulvis».</strong></span> <span class='ocrx_word' id='word_1_22' title='bbox 1301 952 1362 1015; x_wconf 83' lang='lat' dir='ltr'><strong>Est</strong></span> <span class='ocrx_word' id='word_1_23' title='bbox 1385 956 1497 1015; x_wconf 89' lang='lat' dir='ltr'><strong>autem</strong></span> <span class='ocrx_word' id='word_1_24' title='bbox 1518 952 1589 1015; x_wconf 89' lang='lat' dir='ltr'><strong>hasc</strong></span> 
     </span>
     <span class='ocr_line' id='line_1_4' title="bbox 466 1044 1587 1154; baseline -0.004 -20"><span class='ocrx_word' id='word_1_25' title='bbox 466 1071 614 1153; x_wconf 86' lang='lat' dir='ltr'><strong>porticus</strong></span> <span class='ocrx_word' id='word_1_26' title='bbox 634 1072 710 1134; x_wconf 82' lang='grc' dir='ltr'><strong>στοὰ</strong></span> <span class='ocrx_word' id='word_1_27' title='bbox 740 1070 865 1154; x_wconf 82' lang='grc' dir='ltr'><strong>ποικίλη</strong></span> <span class='ocrx_word' id='word_1_28' title='bbox 894 1044 1162 1141; x_wconf 62' lang='lat' dir='ltr'><strong>Atheniensium,</strong></span> <span class='ocrx_word' id='word_1_29' title='bbox 1192 1066 1252 1130; x_wconf 90' lang='lat' dir='ltr'><strong>ubi</strong></span> <span class='ocrx_word' id='word_1_30' title='bbox 1276 1067 1377 1141; x_wconf 88' lang='lat' dir='ltr'><strong>Zeno,</strong></span> <span class='ocrx_word' id='word_1_31' title='bbox 1400 1065 1587 1131; x_wconf 82' lang='lat' dir='ltr'><strong>Stoicorum</strong></span> 
     </span>
     <span class='ocr_line' id='line_1_5' title="bbox 466 1183 1587 1269; baseline -0.004 -19"><span class='ocrx_word' id='word_1_32' title='bbox 466 1187 630 1269; x_wconf 86' lang='lat' dir='ltr'><strong>princeps,</strong></span> <span class='ocrx_word' id='word_1_33' title='bbox 653 1184 800 1259; x_wconf 87' lang='lat' dir='ltr'><strong>docebat,</strong></span> <span class='ocrx_word' id='word_1_34' title='bbox 832 1183 922 1247; x_wconf 89' lang='lat' dir='ltr'><strong>unde</strong></span> <span class='ocrx_word' id='word_1_35' title='bbox 948 1203 1075 1246; x_wconf 91' lang='lat' dir='ltr'><strong>nomeu</strong></span> <span class='ocrx_word' id='word_1_36' title='bbox 1096 1183 1223 1264; x_wconf 86' lang='lat' dir='ltr'><strong>accepit</strong></span> <span class='ocrx_word' id='word_1_37' title='bbox 1241 1187 1311 1245; x_wconf 90' lang='lat' dir='ltr'><strong>tota</strong></span> <span class='ocrx_word' id='word_1_38' title='bbox 1332 1183 1403 1246; x_wconf 85' lang='lat' dir='ltr'><strong>eius</strong></span> <span class='ocrx_word' id='word_1_39' title='bbox 1423 1185 1521 1246; x_wconf 83' lang='lat' dir='ltr'><strong>secta</strong></span> <span class='ocrx_word' id='word_1_40' title='bbox 1542 1219 1587 1227; x_wconf 84' lang='lat'>—</span> 
     </span>
     <span class='ocr_line' id='line_1_6' title="bbox 468 1296 1586 1381; baseline -0.006 -14"><span class='ocrx_word' id='word_1_41' title='bbox 468 1301 617 1367; x_wconf 79' lang='lat' dir='ltr'><strong>bracatis</strong></span> <span class='ocrx_word' id='word_1_42' title='bbox 646 1300 748 1365; x_wconf 77' lang='lat' dir='ltr'><strong>talita</strong></span> <span class='ocrx_word' id='word_1_43' title='bbox 775 1297 893 1381; x_wconf 78' lang='lat' dir='ltr'><strong>Medis,</strong></span> <span class='ocrx_word' id='word_1_44' title='bbox 922 1300 1052 1380; x_wconf 90' lang='lat' dir='ltr'><strong>pictura</strong></span> <span class='ocrx_word' id='word_1_45' title='bbox 1079 1297 1232 1362; x_wconf 86' lang='lat' dir='ltr'><strong>bracatos</strong></span> <span class='ocrx_word' id='word_1_46' title='bbox 1260 1296 1376 1361; x_wconf 88' lang='lat' dir='ltr'><strong>Medos</strong></span> <span class='ocrx_word' id='word_1_47' title='bbox 1404 1317 1586 1380; x_wconf 84' lang='lat' dir='ltr'><strong>repraesen-</strong></span> 
     </span>
     <span class='ocr_line' id='line_1_7' title="bbox 465 1413 1586 1501; baseline -0.003 -21"><span class='ocrx_word' id='word_1_48' title='bbox 465 1420 559 1481; x_wconf 89' lang='lat' dir='ltr'><strong>tante</strong></span> <span class='ocrx_word' id='word_1_49' title='bbox 580 1420 707 1480; x_wconf 88' lang='lat' dir='ltr'><strong>ornata.</strong></span> <span class='ocrx_word' id='word_1_50' title='bbox 726 1413 807 1479; x_wconf 84' lang='grc' dir='ltr'><strong>Στοὰ</strong></span> <span class='ocrx_word' id='word_1_51' title='bbox 825 1416 949 1501; x_wconf 81' lang='grc' dir='ltr'><strong>ποικίλη</strong></span> <span class='ocrx_word' id='word_1_52' title='bbox 966 1413 1121 1478; x_wconf 86' lang='lat' dir='ltr'><strong>decorata</strong></span> <span class='ocrx_word' id='word_1_53' title='bbox 1141 1418 1212 1478; x_wconf 89' lang='lat' dir='ltr'><strong>erat</strong></span> <span class='ocrx_word' id='word_1_54' title='bbox 1229 1415 1378 1496; x_wconf 89' lang='lat' dir='ltr'><strong>picturis,</strong></span> <span class='ocrx_word' id='word_1_55' title='bbox 1398 1415 1488 1476; x_wconf 89' lang='lat' dir='ltr'><strong>inter</strong></span> <span class='ocrx_word' id='word_1_56' title='bbox 1503 1433 1586 1496; x_wconf 88' lang='lat' dir='ltr'><strong>quas</strong></span> 
     </span>
     <span class='ocr_line' id='line_1_8' title="bbox 466 1529 1585 1612; baseline -0.003 -16"><span class='ocrx_word' id='word_1_57' title='bbox 466 1532 634 1596; x_wconf 88' lang='lat' dir='ltr'><strong>eminebat</strong></span> <span class='ocrx_word' id='word_1_58' title='bbox 653 1551 767 1612; x_wconf 89' lang='lat' dir='ltr'><strong>pugna</strong></span> <span class='ocrx_word' id='word_1_59' title='bbox 785 1529 1059 1605; x_wconf 77' lang='lat' dir='ltr'><strong>Marathoniaoa3</strong></span> <span class='ocrx_word' id='word_1_60' title='bbox 1084 1531 1123 1592; x_wconf 90' lang='lat' dir='ltr'><strong>cf.</strong></span> <span class='ocrx_word' id='word_1_61' title='bbox 1142 1529 1237 1611; x_wconf 87' lang='lat' dir='ltr'><strong>Diog.</strong></span> <span class='ocrx_word' id='word_1_62' title='bbox 1259 1529 1367 1593; x_wconf 81' lang='lat' dir='ltr'><strong>Laert.</strong></span> <span class='ocrx_word' id='word_1_63' title='bbox 1391 1532 1419 1604; x_wconf 82' lang='lat'><strong>7,</strong></span> <span class='ocrx_word' id='word_1_64' title='bbox 1441 1531 1482 1605; x_wconf 83' lang='lat'><strong>5;</strong></span> <span class='ocrx_word' id='word_1_65' title='bbox 1500 1530 1585 1593; x_wconf 91' lang='lat' dir='ltr'><strong>Pau·</strong></span> 
     </span>
     <span class='ocr_line' id='line_1_9' title="bbox 465 1644 1585 1728; baseline -0.002 -17"><span class='ocrx_word' id='word_1_66' title='bbox 465 1667 535 1711; x_wconf 88' lang='lat' dir='ltr'><strong>san.</strong></span> <span class='ocrx_word' id='word_1_67' title='bbox 556 1647 580 1710; x_wconf 87' lang='grc' dir='ltr'><strong>Ι.</strong></span> <span class='ocrx_word' id='word_1_68' title='bbox 605 1647 654 1710; x_wconf 87' lang='grc'><strong>15.</strong></span> <span class='ocrx_word' id='word_1_69' title='bbox 676 1646 783 1710; x_wconf 86' lang='lat' dir='ltr'><strong>Persae</strong></span> <span class='ocrx_word' id='word_1_70' title='bbox 813 1649 925 1709; x_wconf 90' lang='lat' dir='ltr'><strong>autem</strong></span> <span class='ocrx_word' id='word_1_71' title='bbox 952 1650 1143 1728; x_wconf 73' lang='lat' dir='ltr'><strong>pugnantes</strong></span> <span class='ocrx_word' id='word_1_72' title='bbox 1173 1644 1303 1710; x_wconf 77' lang='lat' dir='ltr'><strong><em>bracati</em></strong></span> <span class='ocrx_word' id='word_1_73' title='bbox 1325 1645 1445 1723; x_wconf 87' lang='lat' dir='ltr'><strong>(bracis</strong></span> <span class='ocrx_word' id='word_1_74' title='bbox 1463 1645 1585 1724; x_wconf 81' lang='lat' dir='ltr'><strong>induti)</strong></span> 
     </span>
     <span class='ocr_line' id='line_1_10' title="bbox 465 1760 1584 1846; baseline -0.002 -19"><span class='ocrx_word' id='word_1_75' title='bbox 465 1768 560 1827; x_wconf 82' lang='lat' dir='ltr'><strong>erant</strong></span> <span class='ocrx_word' id='word_1_76' title='bbox 579 1763 711 1845; x_wconf 89' lang='lat' dir='ltr'><strong>depicti,</strong></span> <span class='ocrx_word' id='word_1_77' title='bbox 742 1763 820 1844; x_wconf 91' lang='lat' dir='ltr'><strong>quia</strong></span> <span class='ocrx_word' id='word_1_78' title='bbox 847 1762 953 1826; x_wconf 84' lang='lat' dir='ltr'><strong>hracae</strong></span> <span class='ocrx_word' id='word_1_79' title='bbox 972 1760 1174 1846; x_wconf 71' lang='grc' dir='ltr'><strong>(ἀναξυρίδες)</strong></span> <span class='ocrx_word' id='word_1_80' title='bbox 1204 1766 1299 1826; x_wconf 92' lang='lat' dir='ltr'><strong>erant</strong></span> <span class='ocrx_word' id='word_1_81' title='bbox 1318 1763 1450 1844; x_wconf 82' lang='lat' dir='ltr'><strong>insigne</strong></span> <span class='ocrx_word' id='word_1_82' title='bbox 1469 1763 1584 1826; x_wconf 87' lang='lat' dir='ltr'><strong>Persa-</strong></span> 
     </span>
     <span class='ocr_line' id='line_1_11' title="bbox 464 1876 1584 1960; baseline 0 -18"><span class='ocrx_word' id='word_1_83' title='bbox 464 1899 539 1942; x_wconf 89' lang='lat' dir='ltr'><strong>rum</strong></span> <span class='ocrx_word' id='word_1_84' title='bbox 556 1879 805 1942; x_wconf 86' lang='lat' dir='ltr'><strong>vestimentum.</strong></span> <span class='ocrx_word' id='word_1_85' title='bbox 828 1876 875 1942; x_wconf 81' lang='lat' dir='ltr'><strong>Of.</strong></span> <span class='ocrx_word' id='word_1_86' title='bbox 897 1878 993 1959; x_wconf 87' lang='lat' dir='ltr'><strong>Prop.</strong></span> <span class='ocrx_word' id='word_1_87' title='bbox 1014 1878 1072 1942; x_wconf 80' lang='lat' dir='ltr'><strong>Ill</strong></span> <span class='ocrx_word' id='word_1_88' title='bbox 1093 1879 1124 1953; x_wconf 78' lang='lat'><strong>4,</strong></span> <span class='ocrx_word' id='word_1_89' title='bbox 1148 1879 1207 1942; x_wconf 84' lang='lat'><strong>17:</strong></span> <span class='ocrx_word' id='word_1_90' title='bbox 1236 1877 1333 1940; x_wconf 84' lang='lat' dir='ltr'><strong>«Tela</strong></span> <span class='ocrx_word' id='word_1_91' title='bbox 1360 1879 1488 1960; x_wconf 83' lang='lat' dir='ltr'><strong>fugacis</strong></span> <span class='ocrx_word' id='word_1_92' title='bbox 1507 1880 1584 1960; x_wconf 90' lang='lat' dir='ltr'><strong>equi</strong></span> 
     </span>
     <span class='ocr_line' id='line_1_12' title="bbox 464 1993 1585 2079; baseline 0.001 -21"><span class='ocrx_word' id='word_1_93' title='bbox 464 1997 497 2058; x_wconf 90' lang='lat' dir='ltr'><strong>et</strong></span> <span class='ocrx_word' id='word_1_94' title='bbox 511 1993 642 2058; x_wconf 78' lang='lat' dir='ltr'><strong>bracati</strong></span> <span class='ocrx_word' id='word_1_95' title='bbox 653 1994 771 2057; x_wconf 91' lang='lat' dir='ltr'><strong>militis</strong></span> <span class='ocrx_word' id='word_1_96' title='bbox 789 2013 913 2057; x_wconf 82' lang='lat' dir='ltr'><strong>arcus»</strong></span> <span class='ocrx_word' id='word_1_97' title='bbox 927 2029 971 2038; x_wconf 89' lang='lat'><em>-</em></span> <span class='ocrx_word' id='word_1_98' title='bbox 983 1993 1085 2059; x_wconf 78' lang='lat' dir='ltr'><strong>inlita</strong></span> <span class='ocrx_word' id='word_1_99' title='bbox 1095 1995 1205 2057; x_wconf 91' lang='lat' dir='ltr'><strong>iocose</strong></span> <span class='ocrx_word' id='word_1_100' title='bbox 1218 1993 1343 2057; x_wconf 89' lang='lat' dir='ltr'><strong>dictum</strong></span> <span class='ocrx_word' id='word_1_101' title='bbox 1353 2015 1413 2076; x_wconf 90' lang='lat' dir='ltr'><strong>pro</strong></span> <span class='ocrx_word' id='word_1_102' title='bbox 1421 1993 1524 2079; x_wconf 84' lang='lat' dir='ltr'><strong>picta.</strong></span> <span class='ocrx_word' id='word_1_103' title='bbox 1538 2031 1585 2038; x_wconf 93' lang='lat'><em>-</em></span> 
     </span>
     <span class='ocr_line' id='line_1_13' title="bbox 462 2108 1583 2192; baseline -0.002 -17"><span class='ocrx_word' id='word_1_104' title='bbox 462 2110 644 2191; x_wconf 66' lang='lat' dir='ltr'><strong>insomnis,</strong></span> <span class='ocrx_word' id='word_1_105' title='bbox 672 2110 749 2190; x_wconf 91' lang='lat' dir='ltr'><strong>quia</strong></span> <span class='ocrx_word' id='word_1_106' title='bbox 777 2113 891 2172; x_wconf 85' lang='lat' dir='ltr'><strong>noctes</strong></span> <span class='ocrx_word' id='word_1_107' title='bbox 920 2108 1039 2172; x_wconf 90' lang='lat' dir='ltr'><strong>studiis</strong></span> <span class='ocrx_word' id='word_1_108' title='bbox 1067 2110 1309 2192; x_wconf 82' lang='lat' dir='ltr'><strong>philosophicis</strong></span> <span class='ocrx_word' id='word_1_109' title='bbox 1338 2110 1514 2173; x_wconf 89' lang='lat' dir='ltr'><strong>consumit.</strong></span> <span class='ocrx_word' id='word_1_110' title='bbox 1538 2145 1583 2154; x_wconf 83' lang='lat'><strong>—-</strong></span> 
     </span>
     <span class='ocr_line' id='line_1_14' title="bbox 463 2222 1580 2307; baseline -0.002 -16"><span class='ocrx_word' id='word_1_111' title='bbox 463 2223 605 2291; x_wconf 78' lang='lat' dir='ltr'><strong>aetoosa</strong></span> <span class='ocrx_word' id='word_1_112' title='bbox 624 2225 795 2307; x_wconf 73' lang='lat' dir='ltr'><strong>laceratas,</strong></span> <span class='ocrx_word' id='word_1_113' title='bbox 808 2224 946 2306; x_wconf 83' lang='lat' dir='ltr'><strong>capillos</strong></span> <span class='ocrx_word' id='word_1_114' title='bbox 963 2224 1189 2289; x_wconf 73' lang='lat' dir='ltr'><strong>detondebant</strong></span> <span class='ocrx_word' id='word_1_115' title='bbox 1208 2224 1365 2305; x_wconf 90' lang='lat' dir='ltr'><strong>discipuli</strong></span> <span class='ocrx_word' id='word_1_116' title='bbox 1384 2222 1580 2300; x_wconf 80' lang='lat' dir='ltr'><strong>Stoicorum,</strong></span> 
     </span>
     <span class='ocr_line' id='line_1_15' title="bbox 462 2340 1582 2423; baseline -0.001 -18"><span class='ocrx_word' id='word_1_117' title='bbox 462 2342 541 2422; x_wconf 89' lang='lat' dir='ltr'><strong>quia</strong></span> <span class='ocrx_word' id='word_1_118' title='bbox 561 2360 694 2403; x_wconf 91' lang='lat' dir='ltr'><strong>omnem</strong></span> <span class='ocrx_word' id='word_1_119' title='bbox 716 2340 954 2421; x_wconf 85' lang='lat' dir='ltr'><strong>elegantiorem</strong></span> <span class='ocrx_word' id='word_1_120' title='bbox 971 2340 1132 2415; x_wconf 89' lang='lat' dir='ltr'><strong>habitum,</strong></span> <span class='ocrx_word' id='word_1_121' title='bbox 1153 2344 1191 2402; x_wconf 90' lang='lat' dir='ltr'><strong>ut</strong></span> <span class='ocrx_word' id='word_1_122' title='bbox 1205 2361 1325 2423; x_wconf 87' lang='lat' dir='ltr'><strong>parum</strong></span> <span class='ocrx_word' id='word_1_123' title='bbox 1343 2341 1483 2415; x_wconf 88' lang='lat' dir='ltr'><strong>virilem,</strong></span> <span class='ocrx_word' id='word_1_124' title='bbox 1505 2361 1582 2405; x_wconf 89' lang='lat' dir='ltr'><strong>con-</strong></span> 
     </span>
     <span class='ocr_line' id='line_1_16' title="bbox 460 2455 1580 2537; baseline 0 -17"><span class='ocrx_word' id='word_1_125' title='bbox 460 2456 664 2520; x_wconf 84' lang='lat' dir='ltr'><strong>temnebant.</strong></span> <span class='ocrx_word' id='word_1_126' title='bbox 685 2455 758 2518; x_wconf 93' lang='lat' dir='ltr'><strong>Hoc</strong></span> <span class='ocrx_word' id='word_1_127' title='bbox 777 2456 944 2519; x_wconf 88' lang='lat' dir='ltr'><strong>faciebant</strong></span> <span class='ocrx_word' id='word_1_128' title='bbox 961 2457 1030 2519; x_wconf 91' lang='lat' dir='ltr'><strong>iam</strong></span> <span class='ocrx_word' id='word_1_129' title='bbox 1054 2455 1187 2537; x_wconf 82' lang='lat' dir='ltr'><strong>Oyuioi;</strong></span> <span class='ocrx_word' id='word_1_130' title='bbox 1217 2456 1256 2519; x_wconf 81' lang='lat' dir='ltr'><strong>ci.</strong></span> <span class='ocrx_word' id='word_1_131' title='bbox 1281 2456 1376 2536; x_wconf 86' lang='lat' dir='ltr'><strong>Diog.</strong></span> <span class='ocrx_word' id='word_1_132' title='bbox 1398 2456 1506 2520; x_wconf 83' lang='lat' dir='ltr'><strong>Laert</strong></span> <span class='ocrx_word' id='word_1_133' title='bbox 1526 2455 1580 2520; x_wconf 75' lang='lat' dir='ltr'><strong>vi</strong></span> 
     </span>
     <span class='ocr_line' id='line_1_17' title="bbox 463 2569 1581 2661; baseline -0.002 -24"><span class='ocrx_word' id='word_1_134' title='bbox 463 2576 492 2648; x_wconf 60' lang='grc' dir='ltr'><strong>ἀ,</strong></span> <span class='ocrx_word' id='word_1_135' title='bbox 508 2573 569 2637; x_wconf 83' lang='lat'><strong>31:</strong></span> <span class='ocrx_word' id='word_1_136' title='bbox 589 2570 758 2659; x_wconf 76' lang='grc' dir='ltr'><strong>(Διογένης)</strong></span> <span class='ocrx_word' id='word_1_137' title='bbox 775 2570 806 2637; x_wconf 81' lang='grc' dir='ltr'><strong>ἐν</strong></span> <span class='ocrx_word' id='word_1_138' title='bbox 823 2570 897 2656; x_wconf 77' lang='grc' dir='ltr'><strong>οἴκῳ</strong></span> <span class='ocrx_word' id='word_1_139' title='bbox 914 2569 1058 2637; x_wconf 78' lang='grc' dir='ltr'><strong>ἐδίδασκε</strong></span> <span class='ocrx_word' id='word_1_140' title='bbox 1069 2572 1283 2636; x_wconf 78' lang='grc' dir='ltr'><strong>διακονεῖσθαι</strong></span> <span class='ocrx_word' id='word_1_141' title='bbox 1295 2573 1363 2658; x_wconf 72' lang='grc' dir='ltr'><strong>λιτῇ</strong></span> <span class='ocrx_word' id='word_1_142' title='bbox 1381 2582 1480 2661; x_wconf 74' lang='grc' dir='ltr'><strong>τροφῇ</strong></span> <span class='ocrx_word' id='word_1_143' title='bbox 1499 2594 1581 2659; x_wconf 86' lang='grc' dir='ltr'><strong>χρω-</strong></span> 
     </span>
     <span class='ocr_line' id='line_1_18' title="bbox 461 2684 1579 2776; baseline -0.001 -21"><span class='ocrx_word' id='word_1_144' title='bbox 461 2693 571 2776; x_wconf 80' lang='grc' dir='ltr'><strong>μένους</strong></span> <span class='ocrx_word' id='word_1_145' title='bbox 587 2691 640 2754; x_wconf 87' lang='grc' dir='ltr'><strong>καὶ</strong></span> <span class='ocrx_word' id='word_1_146' title='bbox 657 2684 738 2772; x_wconf 73' lang='grc' dir='ltr'><strong>ὕδωρ</strong></span> <span class='ocrx_word' id='word_1_147' title='bbox 753 2693 904 2762; x_wconf 88' lang='grc' dir='ltr'><strong>πίνοντας,</strong></span> <span class='ocrx_word' id='word_1_148' title='bbox 923 2691 955 2754; x_wconf 84' lang='grc' dir='ltr'><strong>ἐν</strong></span> <span class='ocrx_word' id='word_1_149' title='bbox 968 2689 1043 2774; x_wconf 77' lang='grc' dir='ltr'><strong>χρῷ</strong></span> <span class='ocrx_word' id='word_1_150' title='bbox 1058 2690 1188 2776; x_wconf 82' lang='grc' dir='ltr'><strong>κουρίας</strong></span> <span class='ocrx_word' id='word_1_151' title='bbox 1203 2711 1236 2753; x_wconf 83' lang='grc' dir='ltr'><strong>τε</strong></span> <span class='ocrx_word' id='word_1_152' title='bbox 1254 2691 1308 2754; x_wconf 85' lang='grc' dir='ltr'><strong>καὶ</strong></span> <span class='ocrx_word' id='word_1_153' title='bbox 1327 2685 1579 2762; x_wconf 78' lang='grc' dir='ltr'><strong>ἀκαλλωπίστους</strong></span> 
     </span>
     <span class='ocr_line' id='line_1_19' title="bbox 462 2801 1580 2893; baseline 0.003 -25"><span class='ocrx_word' id='word_1_154' title='bbox 462 2801 617 2888; x_wconf 75' lang='grc' dir='ltr'><strong>εἰργάζετο</strong></span> <span class='ocrx_word' id='word_1_155' title='bbox 632 2808 686 2869; x_wconf 85' lang='grc' dir='ltr'><strong>καὶ</strong></span> <span class='ocrx_word' id='word_1_156' title='bbox 703 2802 856 2890; x_wconf 84' lang='grc' dir='ltr'><strong>ἀχίτωνας</strong></span> <span class='ocrx_word' id='word_1_157' title='bbox 874 2808 928 2871; x_wconf 84' lang='grc' dir='ltr'><strong>καὶ</strong></span> <span class='ocrx_word' id='word_1_158' title='bbox 944 2803 1152 2893; x_wconf 78' lang='grc' dir='ltr'><strong>ἀνυποδήτους</strong></span> <span class='ocrx_word' id='word_1_159' title='bbox 1171 2810 1225 2871; x_wconf 86' lang='grc' dir='ltr'><strong>καὶ</strong></span> <span class='ocrx_word' id='word_1_160' title='bbox 1244 2808 1418 2893; x_wconf 77' lang='grc' dir='ltr'><strong>σιωπηλοὺς</strong></span> <span class='ocrx_word' id='word_1_161' title='bbox 1437 2810 1491 2872; x_wconf 85' lang='grc' dir='ltr'><strong>καί</strong></span> <span class='ocrx_word' id='word_1_162' title='bbox 1503 2802 1580 2872; x_wconf 75' lang='grc' dir='ltr'><strong>καθ’</strong></span> 
     </span>
     <span class='ocr_line' id='line_1_20' title="bbox 462 2916 1577 3006; baseline 0.001 -21"><span class='ocrx_word' id='word_1_163' title='bbox 462 2916 572 2994; x_wconf 79' lang='grc' dir='ltr'><strong>αὑτοὺς</strong></span> <span class='ocrx_word' id='word_1_164' title='bbox 593 2922 761 3006; x_wconf 79' lang='grc' dir='ltr'><strong>βλέποντας</strong></span> <span class='ocrx_word' id='word_1_165' title='bbox 782 2919 813 2986; x_wconf 83' lang='grc' dir='ltr'><strong>ἐν</strong></span> <span class='ocrx_word' id='word_1_166' title='bbox 831 2932 899 2996; x_wconf 86' lang='grc' dir='ltr'><strong>ταῖς</strong></span> <span class='ocrx_word' id='word_1_167' title='bbox 920 2919 1014 2997; x_wconf 85' lang='grc' dir='ltr'><strong>ὁδοῖς.</strong></span> <span class='ocrx_word' id='word_1_168' title='bbox 1035 2922 1082 2988; x_wconf 81' lang='lat' dir='ltr'><strong>cf.</strong></span> <span class='ocrx_word' id='word_1_169' title='bbox 1104 2925 1214 2999; x_wconf 89' lang='lat' dir='ltr'><strong>etiam,</strong></span> <span class='ocrx_word' id='word_1_170' title='bbox 1236 2944 1307 3006; x_wconf 85' lang='lat' dir='ltr'><strong>quae</strong></span> <span class='ocrx_word' id='word_1_171' title='bbox 1326 2923 1487 2987; x_wconf 90' lang='lat' dir='ltr'><strong>Horatius</strong></span> <span class='ocrx_word' id='word_1_172' title='bbox 1507 2924 1577 3006; x_wconf 82' lang='lat' dir='ltr'><strong>(Ep.</strong></span> 
     </span>
     <span class='ocr_line' id='line_1_21' title="bbox 457 3035 1580 3122; baseline 0.004 -23"><span class='ocrx_word' id='word_1_173' title='bbox 457 3035 494 3099; x_wconf 87' lang='lat' dir='ltr'><strong>V.</strong></span> <span class='ocrx_word' id='word_1_174' title='bbox 528 3036 577 3111; x_wconf 89' lang='lat'><strong>18,</strong></span> <span class='ocrx_word' id='word_1_175' title='bbox 609 3038 718 3115; x_wconf 83' lang='grc'>6-8.)</span> <span class='ocrx_word' id='word_1_176' title='bbox 746 3037 826 3100; x_wconf 88' lang='lat' dir='ltr'><strong>dicit</strong></span> <span class='ocrx_word' id='word_1_177' title='bbox 854 3037 894 3100; x_wconf 90' lang='lat' dir='ltr'><strong>de</strong></span> <span class='ocrx_word' id='word_1_178' title='bbox 921 3039 1148 3103; x_wconf 87' lang='lat' dir='ltr'><strong>imitatoribus</strong></span> <span class='ocrx_word' id='word_1_179' title='bbox 1177 3041 1457 3122; x_wconf 87' lang='lat' dir='ltr'><strong>philosophorum</strong></span> <span class='ocrx_word' id='word_1_180' title='bbox 1488 3060 1580 3105; x_wconf 85' lang='lat' dir='ltr'><strong>sove-</strong></span> 
     </span>
     <span class='ocr_line' id='line_1_22' title="bbox 457 3171 590 3217; baseline 0.023 -3"><span class='ocrx_word' id='word_1_181' title='bbox 457 3171 590 3217; x_wconf 86' lang='lat' dir='ltr'><strong>rorum:</strong></span> 
     </span>
    </p>

    <p class='ocr_par' dir='ltr' id='par_1_3' title="bbox 617 3282 1377 3364">
     <span class='ocr_line' id='line_1_23' title="bbox 617 3282 1377 3364; baseline 0.008 -23"><span class='ocrx_word' id='word_1_182' title='bbox 617 3282 776 3358; x_wconf 84' lang='lat' dir='ltr'><strong>Asperitas</strong></span> <span class='ocrx_word' id='word_1_183' title='bbox 798 3284 927 3358; x_wconf 88' lang='lat' dir='ltr'><strong>agrestis</strong></span> <span class='ocrx_word' id='word_1_184' title='bbox 948 3287 979 3343; x_wconf 88' lang='lat' dir='ltr'><strong>ot</strong></span> <span class='ocrx_word' id='word_1_185' title='bbox 999 3286 1187 3345; x_wconf 87' lang='lat' dir='ltr'><strong>inconcinna</strong></span> <span class='ocrx_word' id='word_1_186' title='bbox 1206 3288 1377 3364; x_wconf 85' lang='lat' dir='ltr'><strong>gravisque,</strong></span> 
     </span>
    </p>

    <p class='ocr_par' dir='ltr' id='par_1_4' title="bbox 618 3398 1442 3474">
     <span class='ocr_line' id='line_1_24' title="bbox 618 3398 1442 3474; baseline 0.007 -19"><span class='ocrx_word' id='word_1_187' title='bbox 618 3398 691 3470; x_wconf 82' lang='lat' dir='ltr'><strong>Quae</strong></span> <span class='ocrx_word' id='word_1_188' title='bbox 713 3418 744 3457; x_wconf 90' lang='lat' dir='ltr'><strong>se</strong></span> <span class='ocrx_word' id='word_1_189' title='bbox 767 3400 963 3460; x_wconf 85' lang='lat' dir='ltr'><strong>commendat</strong></span> <span class='ocrx_word' id='word_1_190' title='bbox 984 3408 1075 3461; x_wconf 76' lang='lat' dir='ltr'><strong>torisa</strong></span> <span class='ocrx_word' id='word_1_191' title='bbox 1095 3409 1172 3474; x_wconf 86' lang='lat' dir='ltr'><strong>cate,</strong></span> <span class='ocrx_word' id='word_1_192' title='bbox 1195 3402 1337 3463; x_wconf 84' lang='lat' dir='ltr'><strong>dentibus</strong></span> <span class='ocrx_word' id='word_1_193' title='bbox 1359 3407 1442 3474; x_wconf 84' lang='lat' dir='ltr'><strong>atris,</strong></span> 
     </span>
    </p>

    <p class='ocr_par' dir='ltr' id='par_1_5' title="bbox 616 3513 1390 3596">
     <span class='ocr_line' id='line_1_25' title="bbox 616 3513 1390 3596; baseline 0.01 -25"><span class='ocrx_word' id='word_1_194' title='bbox 616 3513 699 3572; x_wconf 91' lang='lat' dir='ltr'><strong>Dum</strong></span> <span class='ocrx_word' id='word_1_195' title='bbox 718 3515 784 3573; x_wconf 85' lang='lat' dir='ltr'><strong>vult</strong></span> <span class='ocrx_word' id='word_1_196' title='bbox 805 3515 930 3575; x_wconf 86' lang='lat' dir='ltr'><strong>libertas</strong></span> <span class='ocrx_word' id='word_1_197' title='bbox 952 3516 1013 3576; x_wconf 90' lang='lat' dir='ltr'><strong>dici</strong></span> <span class='ocrx_word' id='word_1_198' title='bbox 1034 3536 1120 3577; x_wconf 86' lang='lat' dir='ltr'><strong>mera</strong></span> <span class='ocrx_word' id='word_1_199' title='bbox 1138 3537 1272 3596; x_wconf 84' lang='lat' dir='ltr'><strong>veraque</strong></span> <span class='ocrx_word' id='word_1_200' title='bbox 1292 3522 1390 3579; x_wconf 88' lang='lat' dir='ltr'><strong>virtus</strong></span> 
     </span>
    </p>
   </div>
   <div class='ocr_carea' id='block_1_3' title="bbox 455 3727 1110 3797">
    <p class='ocr_par' dir='ltr' id='par_1_6' title="bbox 455 3727 1110 3797">
     <span class='ocr_line' id='line_1_26' title="bbox 455 3727 1110 3797; baseline 0.008 -6"><span class='ocrx_word' id='word_1_201' title='bbox 455 3731 488 3792; x_wconf 87' lang='lat' dir='ltr'><strong>et</strong></span> <span class='ocrx_word' id='word_1_202' title='bbox 504 3727 677 3793; x_wconf 86' lang='lat' dir='ltr'><strong>Juvenalis</strong></span> <span class='ocrx_word' id='word_1_203' title='bbox 697 3728 737 3791; x_wconf 92' lang='lat' dir='ltr'><strong>de</strong></span> <span class='ocrx_word' id='word_1_204' title='bbox 757 3729 877 3793; x_wconf 90' lang='lat' dir='ltr'><strong>iisdem</strong></span> <span class='ocrx_word' id='word_1_205' title='bbox 894 3730 937 3794; x_wconf 87' lang='lat' dir='ltr'><strong>H.</strong></span> <span class='ocrx_word' id='word_1_206' title='bbox 963 3732 1110 3797; x_wconf 63' lang='lat' dir='ltr'><strong>lat—15:</strong></span> 
     </span>
    </p>
   </div>
   <div class='ocr_carea' id='block_1_4' title="bbox 613 3885 1363 4078">
    <p class='ocr_par' dir='ltr' id='par_1_7' title="bbox 613 3885 1363 4078">
     <span class='ocr_line' id='line_1_27' title="bbox 614 3885 1363 3965; baseline 0.009 -21"><span class='ocrx_word' id='word_1_207' title='bbox 614 3885 712 3945; x_wconf 88' lang='lat' dir='ltr'><strong>Rarus</strong></span> <span class='ocrx_word' id='word_1_208' title='bbox 734 3906 834 3946; x_wconf 86' lang='lat' dir='ltr'><strong>sermo</strong></span> <span class='ocrx_word' id='word_1_209' title='bbox 855 3889 918 3947; x_wconf 90' lang='lat' dir='ltr'><strong>illis</strong></span> <span class='ocrx_word' id='word_1_210' title='bbox 939 3893 969 3948; x_wconf 89' lang='lat' dir='ltr'><strong>et</strong></span> <span class='ocrx_word' id='word_1_211' title='bbox 990 3909 1103 3965; x_wconf 88' lang='lat' dir='ltr'><strong>magna</strong></span> <span class='ocrx_word' id='word_1_212' title='bbox 1123 3892 1218 3951; x_wconf 90' lang='lat' dir='ltr'><strong>libido</strong></span> <span class='ocrx_word' id='word_1_213' title='bbox 1239 3892 1363 3953; x_wconf 86' lang='lat' dir='ltr'><strong>tacendi</strong></span> 
     </span>
     <span class='ocr_line' id='line_1_28' title="bbox 613 4000 1159 4078; baseline 0.013 -19"><span class='ocrx_word' id='word_1_214' title='bbox 613 4000 713 4078; x_wconf 88' lang='lat' dir='ltr'><strong>Atque</strong></span> <span class='ocrx_word' id='word_1_215' title='bbox 735 4004 899 4078; x_wconf 85' lang='lat' dir='ltr'><strong>supercilio</strong></span> <span class='ocrx_word' id='word_1_216' title='bbox 920 4004 1044 4064; x_wconf 84' lang='lat' dir='ltr'><strong>brevior</strong></span> <span class='ocrx_word' id='word_1_217' title='bbox 1064 4025 1159 4067; x_wconf 91' lang='lat' dir='ltr'><strong>coma.</strong></span> 
     </span>
    </p>
   </div>
   <div class='ocr_carea' id='block_1_5' title="bbox 448 4185 1576 4513">
    <p class='ocr_par' dir='ltr' id='par_1_8' title="bbox 448 4185 1576 4513">
     <span class='ocr_line' id='line_1_29' title="bbox 453 4185 1576 4286; baseline 0.013 -35"><span class='ocrx_word' id='word_1_218' title='bbox 453 4223 498 4232; x_wconf 92' lang='lat'><em>-</em></span> <span class='ocrx_word' id='word_1_219' title='bbox 516 4185 691 4276; x_wconf 72' lang='lat' dir='ltr'><strong>invigilat,</strong></span> <span class='ocrx_word' id='word_1_220' title='bbox 709 4196 825 4257; x_wconf 89' lang='lat' dir='ltr'><strong>noctes</strong></span> <span class='ocrx_word' id='word_1_221' title='bbox 845 4194 964 4258; x_wconf 86' lang='lat' dir='ltr'><strong>studiis</strong></span> <span class='ocrx_word' id='word_1_222' title='bbox 984 4198 1161 4260; x_wconf 90' lang='lat' dir='ltr'><strong>consumit.</strong></span> <span class='ocrx_word' id='word_1_223' title='bbox 1180 4234 1226 4242; x_wconf 88' lang='lat'>—</span> <span class='ocrx_word' id='word_1_224' title='bbox 1243 4197 1379 4282; x_wconf 81' lang='lat' dir='ltr'><strong>siliquis</strong></span> <span class='ocrx_word' id='word_1_225' title='bbox 1399 4197 1576 4286; x_wconf 72' lang='lat' dir='ltr'><strong>alprandi</strong></span> 
     </span>
     <span class='ocr_line' id='line_1_30' title="bbox 448 4304 1574 4398; baseline 0.012 -31"><span class='ocrx_word' id='word_1_226' title='bbox 448 4306 552 4387; x_wconf 83' lang='lat' dir='ltr'><strong>pasta</strong></span> <span class='ocrx_word' id='word_1_227' title='bbox 577 4304 731 4389; x_wconf 80' lang='lat' dir='ltr'><strong>paleato,</strong></span> <span class='ocrx_word' id='word_1_228' title='bbox 759 4308 1018 4390; x_wconf 82' lang='lat' dir='ltr'><strong>simplicissimis</strong></span> <span class='ocrx_word' id='word_1_229' title='bbox 1049 4310 1130 4376; x_wconf 90' lang='lat' dir='ltr'><strong>cibis</strong></span> <span class='ocrx_word' id='word_1_230' title='bbox 1161 4317 1327 4389; x_wconf 84' lang='lat' dir='ltr'><strong>contenta,</strong></span> <span class='ocrx_word' id='word_1_231' title='bbox 1363 4319 1401 4379; x_wconf 93' lang='lat' dir='ltr'><strong>ut</strong></span> <span class='ocrx_word' id='word_1_232' title='bbox 1424 4316 1574 4398; x_wconf 88' lang='lat' dir='ltr'><strong>philoso-</strong></span> 
     </span>
     <span class='ocr_line' id='line_1_31' title="bbox 451 4419 1572 4513; baseline 0.012 -31"><span class='ocrx_word' id='word_1_233' title='bbox 451 4419 558 4500; x_wconf 91' lang='lat' dir='ltr'><strong>phum</strong></span> <span class='ocrx_word' id='word_1_234' title='bbox 575 4419 723 4485; x_wconf 82' lang='lat' dir='ltr'><strong>Stoicum</strong></span> <span class='ocrx_word' id='word_1_235' title='bbox 740 4422 843 4487; x_wconf 88' lang='lat' dir='ltr'><strong>decet.</strong></span> <span class='ocrx_word' id='word_1_236' title='bbox 857 4461 901 4469; x_wconf 85' lang='lat'><em>-</em></span> <span class='ocrx_word' id='word_1_237' title='bbox 911 4425 1057 4509; x_wconf 72' lang='lat' dir='ltr'><strong>silicata,</strong></span> <span class='ocrx_word' id='word_1_238' title='bbox 1078 4430 1266 4510; x_wconf 83' lang='lat' dir='ltr'><strong>exemplum</strong></span> <span class='ocrx_word' id='word_1_239' title='bbox 1280 4431 1442 4513; x_wconf 87' lang='lat' dir='ltr'><strong>simplicis</strong></span> <span class='ocrx_word' id='word_1_240' title='bbox 1453 4430 1572 4505; x_wconf 80' lang='lat' dir='ltr'><strong>victus,</strong></span> 
     </span>
    </p>
   </div>
   <div class='ocr_carea' id='block_1_6' title="bbox 0 0 1964 5475">
    <p class='ocr_par' dir='ltr' id='par_1_9' title="bbox 0 0 1964 5475">
     <span class='ocr_line' id='line_1_32' title="bbox 0 0 1964 5475; baseline 0 7"><span class='ocrx_word' id='word_1_241' title='bbox 0 0 1964 5475; x_wconf 95' lang='lat' dir='ltr'><strong> </strong></span> 
     </span>
    </p>
   </div>
  </div>
 </body>
</html>
