3917 5475
474 701 528 753 344)
883 720 995 763 sarrae
1010 720 1051 764 n.
1071 716 1193 763 57--61,

474 899 589 961 llianae
610 896 823 970 consecravit,
839 916 857 957 a
874 915 938 975 quo
959 894 1057 957 multi
1078 898 1111 957 et
1129 895 1211 957 olari
1228 896 1292 959 viri
1308 897 1371 959 orti
1390 900 1468 959 sunt
1488 901 1521 960 et
1538 919 1600 980 per

474 1014 597 1078 multos
622 1033 728 1076 annos
758 1013 902 1074 fuerunt.
932 1011 1030 1075 Unde
1050 1017 1082 1075 et
1101 1013 1333 1093 proverbium:
1367 1010 1485 1077 «Multi
1503 1012 1598 1076 Mani

474 1130 622 1193 Ariciae».
645 1127 783 1192 Sinnius
803 1128 914 1209 oapito
930 1128 1030 1207 longe
1051 1128 1149 1190 aliter
1168 1129 1278 1191 sentit.
1299 1129 1356 1191 Ait
1375 1129 1465 1191 enim
1483 1132 1599 1209 turpes

475 1249 508 1308 et
526 1244 691 1308 deformes
712 1242 899 1324 significari.
924 1244 1002 1323 quia
1025 1241 1147 1306 Maniae
1168 1242 1321 1306 dieantur
1340 1243 1505 1307 deformes
1524 1263 1598 1324 per·

475 1383 593 1426 eonae.»
622 1358 756 1425 Scholia
784 1359 871 1421 hano
900 1356 1073 1438 Capitonis
1103 1357 1360 1438 explicationem
1389 1362 1598 1439 sequuntur:

479 1476 649 1540 «Manium
679 1474 759 1536 dieit
782 1472 965 1535 deformem
996 1477 1028 1534 et
1057 1473 1208 1553 ignotum
1240 1473 1412 1536 hominem
1442 1474 1601 1556 eoquod

474 1591 594 1655 maniae
614 1590 770 1652 dicuntur
788 1587 935 1651 indeoori
955 1588 1069 1650 vultus
1097 1609 1258 1669 personae.
1280 1589 1399 1670 quibus
1418 1592 1514 1671 pueri
1532 1595 1599 1654 ter-

475 1710 621 1769 rentur».

530 1820 566 1883 V.
589 1819 729 1882 57—61.
749 1816 934 1902 lbopeaiea
957 1815 1091 1881 terroef
1118 1818 1211 1880 Tune
1238 1818 1327 1881 bona
1355 1819 1485 1881 homini
1504 1821 1600 1900 igno-

473 1936 534 2001 bili
554 1941 587 1999 et
605 1936 743 1999 obscuro
763 1935 950 2015 relinquere
967 1934 1043 1997 vis?
1061 1934 1245 2013 interrogat
1261 1935 1358 1996 heres
1375 1934 1612 2015 indignabun-.

474 2053 545 2116 dus.
564 2050 709 2115 Romani
739 2051 828 2113 enim
850 2070 889 2111 ex
907 2054 1019 2112 vetere
1047 2050 1222 2130 proverbio
1250 2051 1405 2112 homines
1433 2050 1600 2129 ignobiles

475 2172 508 2230 et
526 2166 684 2231 obscuros
711 2166 874 2230 vocabant
903 2168 1001 2229 lerroe
1028 2163 1140 2248 filios;
1168 2167 1207 2228 of.
1233 2165 1321 2227 infra
1339 2185 1386 2228 vs.
1402 2166 1453 2229 59.
1477 2170 1511 2227 et
1531 2164 1597 2230 Cio.

474 2282 516 2346 ad
535 2284 600 2347 Att.
620 2284 645 2347 Ι.
670 2284 719 2354 13,
741 2284 781 2346 4:
806 2285 918 2344 «terrae
938 2280 1009 2344 filio
1033 2281 1145 2344 neseio
1165 2282 1260 2356 oui»;
1290 2281 1420 2345 Petron.
1442 2282 1504 2344 43:
1538 2282 1601 2345 «Et

473 2399 531 2463 ille
559 2399 652 2480 stips,
678 2397 757 2460 dum
786 2397 880 2459 fratri
910 2417 969 2461 suo
999 2398 1161 2471 irascitur,
1181 2398 1294 2459 neseio
1324 2396 1378 2459 eui
1406 2401 1500 2458 terrae
1527 2394 1600 2460 filio

472 2512 561 2577 bona
581 2513 740 2593 elegavit»
757 2534 764 2587 3
787 2511 859 2575 Juv.
880 2511 933 2575 IV.
955 2514 1108 2577 97—98:

595 2671 740 2746 Prodigio
762 2690 818 2747 par
840 2673 940 2729 estin
962 2670 1125 2731 nobilitate
1148 2676 1297 2743 senectus,

596 2787 685 2848 Unde
707 2787 751 2858 fit,
775 2791 808 2846 ut
829 2787 935 2845 malim
958 2787 1140 2847 fraterculus
1163 2808 1228 2847 esse
1251 2787 1401 2863 (figentis,

475 2978 496 3040 i.
508 2998 544 3040 ·e.
562 2981 657 3039 terrae
675 2976 775 3050 filius,
794 2981 832 3040 ut
852 2977 1032 3058 Gigantes;
1052 2976 1134 3040 Min.
1149 2978 1217 3041 Fel.
1232 2979 1284 3052 21,
1300 2979 1338 3041 7:
1363 2977 1545 3058 «ignobiles
1566 2982 1603 3041 et

475 3094 607 3174 ignotos
624 3097 718 3155 terrae
734 3091 822 3155 filios
838 3094 1085 3156 nominamus».
1104 3129 1145 3136 —
1167 3092 1287 3170 Ouaere
1303 3113 1346 3157 eoo
1361 3113 1414 3158 me
1432 3098 1512 3171 eto.;
1531 3114 1600 3159 ves.

476 3213 617 3276 57—60.
646 3214 745 3293 poeta
776 3211 871 3273 docet
902 3210 1052 3292 quemvis
1084 3210 1255 3272 hominem
1283 3209 1323 3273 ab
1351 3210 1491 3290 ignobili
1518 3231 1601 3292 quo-

476 3328 563 3391 dam·
580 3348 686 3410 genus
714 3327 843 3391 ducere.
864 3365 908 3371 —
927 3329 1073 3410 quartas
1089 3377 1095 3390 .
1112 3377 1143 3390 ..
1170 3328 1279 3408 potor,
1305 3325 1428 3389 abavus
1439 3349 1447 3401 ;
1476 3325 1601 3407 gradus

476 3445 566 3507 enim
591 3449 669 3507 sunt
688 3445 742 3508 hi:
766 3448 870 3524 pater,
893 3463 983 3516 avus,
1005 3462 1157 3523 proavus,
1179 3442 1311 3504 abavus.
1333 3441 1380 3506 of.
1401 3442 1496 3524 Verg.
1514 3443 1597 3506 Aen.

474 3560 513 3624 ll.
533 3561 616 3624 619:
642 3561 899 3642 «Pilumnusque
919 3561 969 3622 illi
990 3564 1126 3641 quartus
1146 3564 1281 3640 pater»;
1302 3558 1408 3622 Plaut.
1423 3559 1511 3622 Pers.
1525 3559 1550 3622 Ι.
1565 3559 1597 3634 2,

476 3677 517 3739 5:
542 3677 666 3746 «Pater,
685 3697 774 3749 avus,
793 3698 946 3758 proavus,
966 3676 1098 3743 abavus.
1118 3679 1242 3747 atavus,
1261 3676 1431 3737 tritavus».
1445 3711 1490 3717 -—
1503 3673 1601 3739 leand

474 3794 637 3874 maniplo.
656 3812 724 3853 non
742 3793 859 3867 faoile;
881 3793 920 3855 of.
934 3791 1007 3855 Juv.
1023 3790 1061 3854 X.
1077 3791 1160 3853 aab:
1185 3790 1392 3870 «Promptius
1413 3789 1597 3870 expediam,

475 3909 556 3988 quot
574 3907 735 3969 amaverit
755 3905 864 3987 Oppia
883 3908 1059 3969 moechos»
1093 3910 1125 3968 et
1153 3905 1404 3968 adnotationem
1433 3904 1475 3967 ad
1492 3905 1534 3969 Π.
1557 3908 1599 3970 6:

479 4021 596 4085 «Haud
615 4023 719 4085 cuivis
738 4028 931 4103 promptum
953 4026 1033 4085 estu.
1052 4060 1096 4066 —
1112 4021 1200 4086 udde
1220 4022 1323 4086 otiosa
1341 4042 1462 4095 arrium,
1482 4021 1600 4088 Unum

472 4137 597 4218 oliam
621 4139 649 4200 si
669 4138 806 4201 adiicias
836 4159 943 4201 unum
972 4139 1190 4218 alterumque,
1212 4139 1232 4201 i.
1256 4159 1281 4201 e.
1304 4140 1331 4200 si
1351 4159 1456 4220 usque
1477 4138 1518 4202 ad
1537 4140 1598 4203 tri-

473 4257 587 4316 tavum
608 4253 776 4322 ascendas.
799 4255 865 4317 iam
885 4275 954 4318 non
975 4254 1112 4323 habebo.
1134 4253 1221 4334 quod
1242 4253 1359 4322 dicam.
1381 4255 1400 4318 i.
1424 4276 1449 4317 e.
1471 4275 1600 4318 nomen

472 4368 586 4431 tritavi
607 4369 674 4431 iam
693 4390 762 4432 non
781 4375 897 4451 potero
918 4370 1036 4434 dicere.
1058 4369 1104 4432 C.
1125 4368 1205 4432 Hor.
1219 4369 1279 4450 Ep.
1291 4371 1332 4433 ll.
1351 4372 1378 4439 1.
1392 4373 1454 4434 lo:
1479 4371 1599 4434 «demo

474 4503 589 4550 unum.
611 4482 707 4546 demo
729 4487 829 4547 etiam
849 4505 986 4548 unum».
1008 4521 1052 4529 -
1075 4487 1173 4550 terro>
1193 4487 1243 4547 esf
1265 4483 1333 4548 iura
1354 4484 1448 4568 filius
1458 4505 1472 4565 ‚·
1502 4487 1599 4549 trita-
