3917 5475
840 720 913 762 vm
928 719 1042 763 scaen.
1472 699 1504 749 15

436 897 486 960 14.
506 894 658 959 Decessit
677 899 791 958 autem
808 896 890 958 vitio
912 896 1077 958 stomachi
1097 914 1186 958 anno
1206 896 1313 959 ectasis
1332 894 1456 959 XXX}

437 1012 485 1075 15.
508 1008 572 1074 Sed
592 1030 668 1072 mox
687 1012 725 1071 ui
745 1031 764 1072 a
784 1010 898 1072 schola
914 1009 1149 1090 magistrisque
1165 1008 1315 1083 devertit,
1333 1009 1419 1072 lecto
1436 1010 1501 1072 Lu-

380 1129 436 1192 cili
458 1127 542 1189 libro
574 1125 704 1188 decimo
732 1126 949 1187 vehemencer
976 1128 1107 1188 saturas
1135 1144 1335 1206 componere
1364 1124 1500 1188 studuit.
1605 1137 1607 1142 '

379 1244 482 1330 Cuius
501 1242 577 1305 libri
595 1242 801 1324 principium
828 1241 981 1304 imitatus
1002 1243 1052 1303 eei
1072 1240 1135 1304 sibi
1153 1241 1272 1321 primo,
1298 1259 1375 1302 mcx
1395 1240 1501 1302 omni-

340 1400 344 1406 ·
377 1360 441 1423 bus
468 1358 712 1421 detrectatume
741 1376 817 1418 cum
845 1358 939 1419 tanta
967 1356 1151 1418 recensium
1180 1359 1356 1437 poetarum
1376 1360 1408 1417 ei
1428 1375 1500 1418 cra-

378 1479 490 1538 torum
501 1474 733 1542 insectatione,
750 1477 789 1535 ut
805 1472 906 1535 eiiam
922 1472 1090 1535 Neronem
1105 1472 1292 1554 principem
1310 1472 1402 1535 fliius
1418 1476 1500 1534 tem-

379 1590 471 1671 poris
490 1588 718 1671 inculpaverit.
738 1586 840 1650 Cuius
859 1607 974 1650 versus
993 1588 1030 1649 in
1045 1587 1213 1651 Neronem
1229 1607 1305 1649 cum
1324 1587 1371 1649 iia
1391 1608 1426 1649 se
1442 1587 1500 1649 ha-

379 1705 489 1768 beret:
514 1705 705 1768 «Auriculas
726 1704 813 1767 asini
832 1702 925 1766 Mida
944 1723 1001 1766 rex
1021 1703 1152 1778 habes»,
1173 1704 1211 1765 in
1231 1723 1308 1766 cum
1326 1702 1500 1765 moduma

378 1821 527 1885 Cornuic
545 1821 620 1902 ipso
639 1823 773 1883 tantum
784 1820 922 1882 nominc
936 1824 1065 1883 mutato
1080 1823 1129 1883 est
1150 1819 1364 1883 emendatus:
1387 1818 1499 1882 «Auri-

377 1937 469 2000 cuIas
489 1936 577 2000 asini
596 1936 671 2016 quis
689 1954 760 1997 ncn
780 1934 935 2009 habeta»,
953 1954 997 1997 ne
1013 1936 1077 1998 hcc
1095 1936 1132 1998 in
1152 1955 1187 1999 se
1203 1935 1289 1999 Nero
1306 1933 1432 1998 dictum
1450 1956 1499 1997 ar-

376 2053 566 2116 bitrareiur.

433 2324 449 2355 *
468 2324 514 2377 Ita
533 2323 654 2387 codices,
673 2323 874 2390 quodfalsum
895 2325 1097 2378 demonstrant
1112 2326 1265 2378 consulum
1278 2326 1397 2380 nomina
1411 2343 1499 2396 supra

377 2420 481 2488 posita,
500 2421 577 2473 unde
595 2424 711 2489 poetam
730 2438 806 2474 anno
826 2422 919 2475 atatis
938 2422 1075 2476 XXVIII.
1096 2424 1252 2477 decessisse
1272 2425 1373 2478 elucet.
