3917 5475
791 695 901 740 aarum
917 697 945 741 V.
964 695 1089 741 47—51.

540 869 598 929 Hae
619 873 686 929 tum
707 871 861 931 clarisona
880 871 1031 930 vellentes
1051 871 1165 930 vellera
1184 891 1259 930 voce

443 1030 447 1042 .
541 986 628 1044 Talia
650 983 756 1044 divino
778 983 925 1044 fuderunt
945 987 1083 1044 carmine
1104 985 1177 1056 fata,

542 1099 695 1169 Carmine,
717 1099 855 1176 perfidiae
878 1100 960 1176 quod
981 1105 1053 1176 post
1074 1102 1159 1159 nulla
1182 1103 1288 1176 arguet
1309 1105 1398 1171 aetas3

383 1329 465 1397 Hor.
486 1331 593 1397 Carm.
616 1329 693 1396 Saee.
715 1334 777 1397 25:
802 1353 953 1397 11616666
982 1335 1144 1397 cecinisse
1172 1335 1313 1409 Parcae»,
1335 1334 1442 1400 Carni.
1463 1336 1505 1401 Π.

384 1450 434 1522 16,
457 1447 516 1512 39;
541 1447 661 1510 «Paroa
680 1467 751 1510 non
769 1448 943 1513 mendax».
977 1447 1095 1513 Tenea·
1123 1450 1247 1514 1166116
1274 1448 1346 1513 ceri
1365 1452 1507 1514 occurrit

380 1563 470 1645 apud
487 1562 583 1644 Verg.
603 1564 685 1627 Aen.
706 1564 760 1627 Il'.
784 1564 847 1627 188
875 1564 927 1642 (de
956 1564 1091 1644 Fumat:
1125 1566 1223 1627 «Tam
1250 1564 1319 1627 ficti
1346 1567 1506 1648 pravique

378 1682 487 1753 161161,
509 1698 609 1759 quam
637 1680 758 1742 nuntia
783 1680 886 1742 veri».
907 1717 951 1723 —
978 1683 1144 1761 66661661
1172 1679 1366 1760 praecedens
1384 1679 1437 1745 661
1455 1682 1506 1743 in-

380 1793 526 1856 solenter
544 1798 761 1875 usurpatum;
783 1797 822 1858 cf.
843 1794 939 1875 Verg.
960 1793 1109 1869 061615,
1127 1795 1167 1858 10
1180 1798 1213 1858 61
1235 1796 1295 1859 13;
1320 1814 1399 1860 «sec
1417 1797 1506 1859 furta

381 1906 534 1971 dieantur
553 1913 631 1972 tua.
646 1959 675 1973 ..
696 1910 758 1973 Vel
778 1913 851 1973 acta
869 1930 973 1992 puero
999 1930 1074 1974 oum
1092 1911 1173 1975 viris
1189 1912 1358 1975 convivia»
1374 1936 1381 1987 ;
1414 1913 1505 1975 simi·

380 2022 458 2085 liter
476 2023 528 2088 661
549 2028 581 2086 61
600 2028 661 2088 out
688 2026 777 2088 inter
796 2045 831 2088 se
851 2025 1056 2106 respondent
1084 2026 1180 2107 Prop.
1200 2026 1259 2090 III.
1280 2028 1332 2096 al,
1354 2029 1505 2100 16-16,

541 2183 607 2240 Illic
627 2185 675 2242 col
696 2183 807 2242 studiis
830 2186 969 2244 animum
991 2185 1157 2243 emendare
1178 2186 1318 2244 Platonis

577 2299 731 2374 Incipiam
754 2308 810 2359 661
832 2299 940 2369 hortis,
964 2299 1052 2359 docte
1073 2299 1215 2376 Epicure,
1237 2302 1308 2359 tuis.

376 2526 421 2533 —-
440 2492 525 2553 6616
542 2485 701 2571 fidelibus
723 2487 819 2566 toro,
840 2489 931 2561 hora,
954 2510 1026 2570 quae
1046 2493 1126 2553 nata
1142 2489 1333 2569 (destinata)
1353 2495 1403 2555 est
1422 2492 1504 2556 ami-

376 2603 424 2666 cis
442 2601 596 2666 fidelibus
615 2604 801 2685 gignendis,
823 2624 894 2685 quae
915 2605 1044 2667 amicos
1062 2602 1178 2668 fideles
1206 2605 1323 2685 gignit.
1353 2604 1401 2670 Cf.
1421 2604 1502 2669 Hor.

375 2718 413 2781 A.
435 2717 469 2783 P.
491 2719 551 2783 82:
577 2722 712 2784 «natum
732 2720 830 2785 rebus
851 2718 1006 2801 agendis»
1029 2723 1061 2783 et
1082 2720 1199 2783 solitas
1217 2719 1425 2785 locutiones:
1445 2742 1503 2785 na-

376 2837 449 2897 tum
469 2855 541 2898 6666
561 2835 603 2897 ad
622 2837 748 2918 aliquid
766 2837 820 2899 161
840 2836 940 2899 6116111
969 2837 1027 2898 rei.
1057 2872 1102 2879 —-
1126 2833 1260 2899 Dividit
1278 2836 1316 2899 in
1339 2834 1503 2901 Gentinos

378 2947 563 3013 concordio
582 2949 836 3033 sotadeorum,
857 2952 934 3032 quia
955 2952 1056 3013 etiam
1076 2951 1108 3018 ii.
1124 2952 1180 3031 qui
1201 2950 1260 3013 sub
1278 2951 1373 3032 signo
1391 2952 1503 3017 Gemi-

376 3083 497 3127 norum
513 3070 706 3139 nascuntur,
720 3067 799 3129 boni
818 3067 916 3129 amici
937 3069 1024 3128 sunt.
1046 3064 1093 3128 Cf.
1107 3064 1224 3128 Manil.
1237 3066 1323 3128 Astr.
1337 3066 1378 3129 ΙΙ.
1394 3067 1504 3129 629—-

378 3178 452 3243 630.
474 3200 575 3260 supra
593 3180 682 3243 laud.
705 3185 737 3243 et
757 3182 953 3245 631--63022

477 3335 608 3410 Magnus
631 3338 690 3394 6111
714 3339 855 3397 (ienitate
878 3357 965 3395 umor
987 3341 1018 3395 et
1039 3336 1205 3396 concordia
1226 3337 1348 3412 duplex,

478 3452 608 3525 Magnus
631 3454 716 3510 etin
738 3454 851 3511 multos
871 3454 976 3511 veniet
998 3472 1154 3511 successus
1177 3454 1301 3511 amicos.

381 3678 418 3685 —
440 3641 478 3704 in
502 3639 674 3716 Gerulum,
695 3642 881 3705 insolenter
904 3663 984 3723 pro:
1014 3643 1102 3704 inter
1122 3641 1291 3706 Geminos
1312 3679 1357 3686 -—
1375 3641 1502 3710 861161-ν

379 3774 529 3839 ecumque
547 3775 687 3841 procem
707 3761 823 3821 nostro
844 3754 921 3821 loce
940 3756 1140 3842 (recepimus
1160 3775 1243 3836 6116,
1263 3757 1299 3818 111
1318 3757 1502 3838 horoscopo

378 3874 492 3935 nostro
512 3872 757 3951 malignitatem
775 3871 910 3935 Saturni
928 3872 1006 3935 felix
1022 3873 1110 3937 Iovis
1127 3873 1224 3935 stella
1240 3872 1426 3936 radiatione
1443 3893 1503 3936 sua

378 3985 519 4066 mitigat.
540 3987 644 4050 Erant
665 3987 755 4049 enim
784 3988 1027 4068 astrologorum
1056 3988 1223 4051 sententia
1251 3987 1356 4049 stellae
1379 3988 1503 4068 partim

379 4101 559 4172 malevola,
574 4102 696 4183 partim
713 4102 881 4166 benevolae
898 4105 1095 4184 poteratque
1113 4106 1145 4165 61
1160 4102 1401 4165 116161616111111
1416 4123 1503 4166 noxa

379 4214 564 4278 radiatione
583 4216 821 4280 benevolarum
841 4221 873 4279 61
892 4217 1130 4281 benevolarum
1151 4217 1292 4282 felicitas
1316 4217 1502 4281 radiatione

379 4330 620 4394 malevolamm
646 4332 813 4394 imminui.
844 4331 892 4395 Cf.
913 4331 1015 4394 Firm.
1047 4331 1127 4397 Mat.
1156 4332 1261 4396 Math.
1290 4333 1350 4396 ΙΙΙ.
1381 4334 1410 4407 1,
1439 4332 1502 4396 aa:

384 4443 486 4507 «Nam
507 4446 533 4508 si
555 4446 601 4507 616
625 4446 734 4526 posito
765 4444 909 4509 Saturno
929 4446 1085 4511 benivola
1114 4448 1211 4510 stella
1241 4449 1277 4509 in
1305 4466 1502 4529 quocunque
