3917 5475
802 677 911 722 summ
926 678 961 720 ln
981 676 1104 722 59-60.
1466 657 1515 710 147
1555 687 1562 700 ·

392 857 520 920 bonum
550 856 729 918 eonsilium
757 854 888 918 dedisse
919 859 952 918 et
983 856 1124 918 fortasse
1152 857 1237 918 hane
1257 857 1360 918 fuisse
1380 877 1516 919 oausam

391 972 558 1052 templum
576 971 619 1033 iis
647 969 830 1034 dedicandi.
857 971 941 1033 Nam
961 971 1130 1034 Tiberium
1152 972 1285 1035 somnia
1304 971 1438 1034 fatidica
1458 974 1516 1035 ha-

391 1087 506 1150 buisse
525 1086 683 1149 doeemur
703 1086 791 1151 Suet.
812 1086 880 1149 Tib.
902 1088 962 1150 74:
988 1085 1169 1168 «Supremo
1186 1087 1293 1150 natali
1309 1108 1369 1150 suo
1388 1088 1516 1169 Apolli-

391 1223 474 1264 nem
493 1202 699 1264 Temenitem
720 1205 752 1264 et
772 1200 1004 1282 amplitudinis
1025 1207 1057 1264 et
1077 1203 1160 1265 artis
1185 1203 1321 1276 eximia,
1343 1201 1515 1266 advectum

395 1315 577 1398 Syracusis,
598 1321 636 1380 ut
654 1318 689 1379 in
718 1316 919 1380 bibliotheca
943 1318 1061 1399 templi
1081 1318 1160 1381 novi
1179 1323 1368 1399 poneretur,
1389 1318 1517 1383 videret

393 1453 456 1514 per
478 1434 625 1514 quietem
653 1433 875 1497 affirmantem
905 1433 976 1505 sibi,
998 1454 1067 1498 non
1095 1454 1193 1515 posse
1218 1454 1252 1496 se
1273 1434 1312 1497 ab
1332 1435 1406 1514 ipso
1426 1433 1516 1497 dedi-

393 1550 495 1612 eari».
515 1586 560 1592 —
579 1545 740 1614 Somnio.
754 1600 760 1613 .
775 1602 781 1614 .
797 1548 926 1632 pituita
941 1548 1207 1635 purgatissimo,
1226 1550 1357 1612 somnia
1377 1550 1466 1612 clara
1486 1553 1518 1612 et

394 1663 560 1739 veridioa;
580 1685 659 1727 nam
689 1664 746 1746 qui
772 1666 896 1746 pituita
923 1666 1087 1729 stomachi
1112 1669 1300 1746 gravantur,
1322 1666 1462 1729 confusa
1486 1669 1518 1728 et

396 1780 501 1843 stulta
517 1781 642 1843 habent
673 1781 823 1856 somnia;
852 1784 891 1844 ef.
921 1781 1003 1844 Hor.
1035 1780 1100 1846 Sat.
1125 1781 1167 1844 Π.
1189 1783 1218 1850 2.
1241 1783 1301 1845 75:
1327 1781 1463 1844 «Dulcia
1482 1802 1517 1845 se

396 1899 434 1959 in
456 1897 559 1960 bilem
586 1899 717 1961 vertent
744 1899 982 1979 stomachoque
1011 1897 1194 1961 tumultum
1222 1897 1329 1960 Lenta
1358 1900 1441 1961 feret
1467 1897 1517 1978 pi-

393 2013 510 2076 tuita.»
532 2049 578 2057 —
592 2013 732 2097 pituita,
751 2014 856 2077 tribus
886 2013 1022 2094 syllabis
1049 2012 1200 2098 (pavita)
1219 2011 1516 2094 pronuntiandum,

396 2131 435 2190 ut
454 2127 543 2209 apud
561 2128 642 2192 Hor.
665 2127 731 2193 Sat.
752 2129 792 2192 ΙΙ.
814 2131 843 2204 l,
866 2131 917 2204 76,
938 2130 998 2211 Ep.
1019 2129 1044 2193 L
1070 2130 1095 2203 l,
1120 2129 1191 2194 108.
1212 2166 1256 2173 --
1272 2147 1380 2193 aureo
1399 2127 1517 2208 barbo,
1566 2133 1569 2140 '

396 2245 517 2308 statuis
547 2244 686 2309 deorum
715 2243 885 2308 interdum
916 2265 1051 2308 auream
1084 2244 1221 2308 barbam
1252 2243 1384 2307 affixam
1414 2245 1517 2307 fuisse

397 2358 556 2423 docemur
575 2359 639 2424 Cio.
659 2361 709 2424 De
728 2364 795 2424 nat.
829 2360 878 2424 de.
907 2360 965 2423 III.
989 2361 1051 2424 34:
1079 2360 1300 2441 «(Dionysius)
1327 2358 1518 2439 Aesculapii

396 2475 571 2556 Epidaurii
588 2477 726 2540 barbam
754 2498 890 2539 auream
918 2476 1007 2539 demi
1025 2477 1134 2544 iussit.
1160 2497 1268 2557 neque
1289 2476 1379 2538 enim
1398 2495 1517 2538 conve-

395 2592 471 2653 nire
491 2591 666 2655 barbatum
692 2613 763 2655 esse
782 2593 899 2667 filium,
929 2593 984 2654 oui
1002 2593 1039 2655 in
1061 2593 1216 2656 omnibus
1235 2593 1323 2656 fanis
1343 2595 1437 2672 pater
1455 2591 1517 2653 im·

398 2707 508 2772 berbis
543 2712 662 2773 esset».
694 2708 886 2772 Inauratam
921 2707 1067 2773 Castoris
1102 2712 1248 2774 statuam
1279 2709 1518 2772 commemorat

400 2825 501 2888 etiem
521 2825 590 2888 Iuv.
611 2825 699 2888 XIII.
716 2846 781 2890 vss.
805 2826 988 2890 iso-15⁶2.
1011 2845 1112 2905 supra
1131 2824 1172 2885 ad
1190 2845 1237 2887 vs.
1259 2825 1310 2886 55.
1332 2836 1446 2901 (lauro
1467 2843 1518 2886 su·

396 2960 471 3003 oras
492 2940 580 3021 quod
600 2946 696 3004 ovato
716 2941 872 3005 Perduois
892 2942 1027 3018 facies»)
1046 2939 1134 3003 laud.

450 3058 487 3121 V.
519 3060 659 3124 59—60.
692 3057 826 3123 Aurum
853 3078 939 3122 visse
965 3055 1089 3120 Neam
1120 3052 1353 3137 Saliorumque
1383 3053 1520 3137 luipullt

396 3194 481 3249 (ενα,
505 3175 659 3238 homines
688 3176 861 3256 antiquam
890 3172 1141 3253 simplieitatem
1171 3174 1328 3231 exuentes
1353 3169 1454 3230 etiam
1482 3168 1519 3230 in

395 3291 499 3354 saeris
519 3295 660 3354 utuntur
677 3292 766 3354 vasis
783 3290 900 3363 aureis,
915 3308 985 3351 non
1003 3286 1162 3348 fictilibus
1180 3290 1237 3347 aut
1257 3285 1358 3347 aereis.
1373 3321 1417 3327 —
1432 3302 1519 3347 vasu

397 3402 532 3482 Numae,
552 3407 661 3470 Numa
685 3406 879 3487 Pompilius,
905 3405 962 3486 qui
983 3401 1071 3483 apud
1091 3402 1260 3464 Romanos
1280 3420 1350 3462 rem
1370 3399 1518 3462 divinem

395 3522 526 3603 primus
546 3523 733 3586 instituisse
751 3522 864 3595 fertur,
885 3521 921 3582 in
939 3518 1108 3583 sacrifieiis
1129 3517 1283 3579 utebatur
1301 3516 1390 3579 vasis
1409 3513 1518 3577 fiebili-

395 3637 468 3702 bus.
490 3636 537 3703 (Η,
559 3637 624 3703 Cio.
646 3636 759 3701 Parad.
780 3637 805 3699 L
826 3638 866 3699 l:
900 3633 1026 3714 «Quid‘l
1049 3634 1164 3696 Numae
1185 3630 1342 3712 Pompilii
1361 3631 1518 3693 minusne

395 3758 509 3833 gratas
529 3754 580 3819 dis
599 3753 845 3818 immortalibus
862 3749 1041 3836 capudines
1054 3770 1092 3812 ao
1103 3747 1220 3832 fictiles
1238 3746 1384 3811 urnulas·
1404 3745 1516 3819 fuisse,

361 3877 364 3881 '
394 3890 499 3951 quam
531 3873 672 3937 filioatas
708 3870 850 3933 aliorum
883 3871 1017 3949 pateras
1048 3865 1315 3938 arbitramur?»;
1351 3861 1424 3924 Juv.
1462 3860 1516 3925 VL

395 3990 593 4053 ela-345:

478 4141 518 4200 Et
539 4141 607 4216 quis
628 4141 702 4196 tuno
722 4137 885 4195 hominum
907 4136 1103 4208 contemptor
1124 4130 1283 4188 numinis?
1304 4127 1366 4185 Aut
1387 4127 1455 4201 quis

478 4247 677 4323 simpuvio-m
700 4244 799 4303 ridere
820 4244 927 4303 Numae
949 4243 1132 4315 nigrumque
1155 4237 1292 4295 catinum

477 4354 518 4414 m
539 4355 691 4415 Vaticano
712 4351 835 4427 fragiles
856 4349 893 4408 de
914 4352 1021 4408 monte
1043 4345 1172 4422 patellas

478 4462 577 4521 Ausus
598 4463 687 4519 erat?
