3917 5475
878 1326 1110 1409 SATIRA
1134 1326 1185 1409 V.

561 1631 702 1694 Vatibus
720 1630 868 1693 hiemes
887 1637 946 1695 est.
967 1637 1104 1691 eentum
1125 1628 1189 1691 sibi
1207 1648 1345 1709 poscere
1365 1648 1472 1695 voees,

564 1744 709 1809 Centum
726 1764 785 1806 era
805 1751 837 1805 et
856 1744 992 1824 linguas
1011 1751 1129 1824 optare
1147 1745 1185 1804 in
1203 1744 1353 1805 carmina
1373 1747 1520 1809 eentum.

563 1861 692 1924 Fabula
711 1880 772 1923 seu
789 1868 907 1921 maesto
925 1864 1073 1940 ponatur
1090 1857 1215 1921 hianda
1234 1857 1394 1938 tragudo.

562 1977 711 2039 Vulnera
731 1995 791 2037 seu
809 1974 926 2036 Parthi
944 1973 1097 2036 ducentis
1117 1974 1157 2036 ab
1177 1975 1316 2054 inguine
1335 1975 1471 2037 ferrum.
1493 2011 1537 2017 —
1617 2010 1622 2017 ·

570 2091 755 2169 «Quorsum
773 2091 869 2153 haec?
885 2092 953 2151 Aut-
971 2095 1115 2171 quant-as
1134 2089 1263 2152 robusti
1282 2090 1442 2152 carminis
1462 2090 1547 2154 offas

564 2206 704 2286 ingeris.
725 2210 764 2268 ut
781 2226 844 2286 par
862 2207 906 2267 sit
925 2213 1068 2268 centeno
1088 2210 1223 2286 gutture
1242 2206 1332 2269 niti?

567 2319 701 2386 Grande
718 2321 864 2381 locuturi
882 2321 1022 2383 nebulas
1041 2320 1205 2383 Helieone
1225 2322 1372 2401 legunto.

566 2436 741 2517 siquibus
760 2440 817 2499 aut
836 2437 981 2499 Procnes
1002 2445 1059 2499 aut
1081 2438 1108 2499 si
1129 2437 1250 2518 quibus
1269 2438 1335 2499 olla
1356 2438 1509 2519 Thyestae

566 2552 720 2616 Fervebit
740 2573 826 2633 saepe
846 2553 975 2615 insulso
995 2551 1145 2614 cenanda
1166 2551 1318 2633 Glyconi.

565 2668 615 2732 Tu
632 2688 741 2749 neque
760 2668 943 2735 anhelanti,
963 2670 1118 2750 coquitur
1135 2668 1215 2730 dum
1233 2689 1346 2731 massa
1365 2669 1508 2744 eamin0,

566 2786 662 2849 Folle
679 2785 804 2867 premis
822 2791 950 2850 ventos.
972 2805 1033 2846 nee
1053 2786 1166 2847 clauso
1186 2806 1358 2847 murmure
1377 2807 1498 2850 raueus

566 2903 685 2966 Nescio
705 2901 784 2983 quid
802 2906 913 2962 tecum
932 2922 1031 2981 grave
1051 2903 1230 2963 corniearis
1249 2903 1373 2984 inepte,

567 3018 635 3081 Nee
654 3019 789 3099 seloppo
808 3015 954 3079 tumidas
974 3017 1122 3079 intendis
1142 3037 1296 3098 rumpere
1314 3016 1443 3080 buccas,

567 3133 675 3197 Verba
694 3138 777 3214 togae
798 3134 945 3214 sequeris
964 3134 1118 3195 iunctura
1138 3132 1277 3195 callidus
1297 3134 1373 3200 acri.

570 3250 634 3313 Ore
654 3256 740 3311 teres
760 3248 900 3314 modico,
921 3249 1079 3329 pallentis
1098 3247 1213 3310 radere
1234 3268 1343 3310 mores

568 3366 694 3429 Doetus
714 3369 746 3426 et
764 3365 912 3444 ingenuo
931 3364 1065 3444 eulpam
1085 3363 1226 3442 defigere
1245 3363 1334 3426 ludu.

569 3481 658 3544 Hine
677 3482 781 3546 trahe.
804 3500 875 3563 quae
896 3479 987 3546 dieis,
1009 3499 1209 3559 mensasque
1229 3480 1380 3560 relinque
1400 3479 1551 3561 Mycenis

570 3598 652 3662 Cum
672 3599 780 3679 eapite
800 3601 831 3658 et
851 3595 1000 3677 pedibus.
1021 3595 1216 3676 plebeiaque
1236 3595 1377 3677 prandia
1396 3599 1518 3662 noris.»
1542 3637 1583 3642 -

571 3715 647 3777 Non
667 3714 820 3795 equidem
839 3714 903 3774 1101
923 3712 1050 3779 studeo,
1072 3713 1210 3793 pullatis
1230 3718 1266 3774 ut
1286 3713 1370 3775 mihi
1389 3715 1487 3795 nugis

570 3830 695 3910 Pagina
714 3834 881 3909 turgescat·
900 3829 978 3891 dare
998 3828 1130 3910 pondus
1149 3828 1270 3890 idonea
1291 3831 1392 3892 sume.

572 3945 702 4009 Semele
721 3946 899 4025 loquimur.
920 3945 993 4007 'libi
1012 3965 1102 4006 nune
1122 3946 1277 4007 hortante
1298 3945 1444 4009 Camena

570 4060 776 4124 Excutienda
795 4059 913 4122 danius
932 4060 1121 4143 praeeordia.
1144 4065 1332 4140 quantaque
1352 4066 1473 4124 nostrae

573 4177 652 4240 Pars
672 4180 730 4238 tua
750 4178 801 4242 sit.
824 4176 977 4244 Curnute.
1001 4179 1129 4250 animae,
1151 4177 1221 4242 tibi.
1243 4177 1348 4239 duleis
1369 4179 1482 4253 amice,

573 4292 766 4356 (letendisse
786 4294 885 4354 iuvat.
908 4293 1006 4356 Pulsa
1026 4292 1197 4356 dinoscere
1218 4297 1343 4360 11111111.

573 4407 659 4488 Quid
679 4407 823 4471 solidum
843 4412 954 4489 erepet
975 4415 1007 4471 11
1026 4410 1121 4492 pietae
1142 4411 1280 4472 teetoria
1299 4410 1431 4490 linguae.
