3917 5475
460 625 514 682 25⁰
875 647 985 691 sarrai
1000 647 1029 692 v.
1047 645 1171 692 37—40.

462 824 672 888 sanctissimo
704 843 817 887 amore
853 823 1022 904 excepisti.
1053 860 1098 866 —-
1134 820 1279 888 Teuc-res
1296 876 1302 887 .
1322 874 1355 887 ..
1389 843 1508 899 rennes,
1543 825 1586 888 de

461 939 643 1012 iuventute,
669 941 707 1002 ut
727 938 785 1003 Ov.
805 938 902 1001 Trist.
922 936 976 1002 IV.
1001 939 1050 1011 10,
1073 937 1223 1001 33--342

582 1095 727 1172 Cepimus
748 1098 779 1155 et
799 1099 913 1154 tenerae
935 1095 1053 1170 primos
1074 1096 1174 1154 aetatis
1194 1097 1330 1154 honores

619 1209 726 1287 Deque
747 1212 821 1270 viris
843 1211 1001 1286 quendam
1021 1230 1093 1286 pars
1114 1210 1212 1269 tribus
1232 1230 1295 1269 una
1315 1211 1369 1273 fui

460 1437 504 1446 --
524 1397 697 1464 Socratico
713 1452 719 1464 ,
733 1451 739 1462 .
755 1448 763 1462 .
783 1398 872 1470 stare,
895 1403 1009 1462 sancto
1023 1399 1081 1461 illo
1095 1419 1217 1472 amore,
1239 1419 1304 1480 que
1325 1396 1476 1465 Socrates
1492 1401 1585 1466 iuve-

460 1535 530 1587 nes,
551 1515 717 1597 praecipue
745 1513 959 1585 Alcibiadem,
990 1514 1164 1594 amplexus
1193 1516 1252 1577 est.
1282 1512 1330 1578 cf.
1360 1514 1443 1578 Plat.
1469 1511 1584 1596 Symp.

460 1652 492 1713 p.
513 1631 588 1696 219.
607 1630 645 1696 B.
667 1628 700 1693 O.
719 1629 758 1692 de
778 1629 949 1693 Alcibiade
967 1649 1071 1710 puero
1086 1630 1122 1692 in
1134 1630 1212 1692 sinu
1231 1627 1376 1693 Socratis
1396 1629 1585 1693 dormiente

460 1746 545 1828 (ipsa
563 1742 744 1809 Alcibiadis
772 1743 902 1808 verbat:
932 1740 1097 1830 Ἀμφιέσας
1117 1749 1151 1808 τὸ
1172 1741 1289 1831 ἱμάτιον
1309 1749 1343 1809 τὸ
1363 1742 1496 1830 ἐμαυτοῦ
1514 1751 1583 1808 τοῦ·

461 1884 510 1926 τον
529 1899 574 1906 —-
592 1863 646 1925 aet
664 1863 723 1944 γὰρ
742 1855 779 1945 ην
798 1863 915 1946 χειμών
934 1897 979 1903 -
998 1856 1054 1924 ὑπὸ
1082 1865 1133 1924 τὸν
1161 1862 1293 1943 τρίβωνα
1317 1861 1511 1932 κατακλίνας
1532 1863 1584 1922 τὸν

459 1978 586 2049 retreat,
606 1977 780 2064 περιβαλὼν
805 1987 845 2039 τῶ
864 1986 950 2062 χεῖρε
969 1978 1064 2058 τούτῳ
1085 1986 1125 2059 τῷ
1146 1976 1292 2060 δαιμονίῳ
1312 1973 1354 2048 ὡς
1380 1972 1509 2066 ἀληθῶς
1529 1980 1585 2042 καὶ

460 2093 634 2181 θαυμαστῷ
653 2095 838 2180 κατεκείμην
850 2094 904 2177 τὴν
924 2094 1018 2155 νύκτα
1038 2089 1171 2176 ὅλην...
1192 2084 1226 2153 εὖ
1238 2093 1296 2174 γὰρ
1315 2087 1389 2165 ἴστε,
1411 2095 1456 2183 μὰ
1474 2065 1579 2167 brebe,

461 2211 505 2294 μὰ
524 2209 614 2281 θεάς,
636 2204 724 2274 οὐδὲν
742 2210 950 2290 περιττότερον
966 2206 1253 2299 καταδεδαρθηκῲς
1274 2202 1404 2292 ἀνέστην
1423 2203 1492 2292 ilci
1504 2211 1584 2293 μετὰ

459 2327 573 2406 πατρὸς
592 2323 752 2409 καθηῦδον
771 2320 791 2408 ἢ
813 2319 956 2410 ἀδελφοῦ
968 2322 1183 2407 πρεσβυτέρου.

513 2436 550 2501 V.
572 2439 713 2502 37—40.
740 2436 832 2502 Tuae
860 2436 982 2522 fallere
1011 2436 1133 2501 sollers
1161 2432 1329 2518 Adpesite
1352 2434 1497 2502 intortos
1517 2456 1583 2501 ae-

461 2552 567 2618 teade't
594 2552 717 2639 requie
736 2571 858 2627 merea,
888 2573 998 2616 mores
1026 2573 1119 2615 meos
1147 2571 1266 2633 pravos
1285 2551 1500 2633 philosophia
1523 2556 1581 2616 tua

460 2669 628 2757 paulatim
655 2669 834 2733 correxisti.
854 2705 899 2755 —ss
915 2667 1038 2763 fellere
1065 2667 1195 2743 cellere,
1228 2687 1299 2749 quae
1324 2667 1477 2731 sollerter
1495 2667 1583 2731 fallit

461 2805 546 2858 eum,
568 2786 623 2867 qui
653 2785 835 2867 corrigitur.
866 2787 922 2859 ita,
952 2790 990 2849 ut
1018 2805 1087 2847 non
1115 2782 1359 2864 animadvertat
1387 2804 1423 2846 se
1450 2784 1581 2864 corrigi.

460 2900 561 2989 Recte
581 2900 726 2965 scholia:
751 2898 897 2966 «Sollers
915 2900 1038 2986 fellere
1061 2900 1137 2986 ideo
1157 2899 1247 2973 dixit,
1266 2899 1353 2992 quia,
1374 2879 1450 2962 cum
1470 2892 1583 2961 stultis

461 3015 648 3098 obrepatur‚
668 3002 837 3098 sapientes
850 3019 981 3098 oportet
993 3018 1082 3078 reete
1102 3034 1308 3096 cognoscere.
1326 3015 1364 3075 ut
1382 3013 1456 3095 ipsa
1469 3033 1581 3076 emen-

461 3130 551 3195 datio
573 3131 665 3195 lente
685 3151 722 3195 ae
743 3132 815 3196 sine
842 3135 1010 3196 tormento
1038 3129 1105 3204 fiat,
1126 3150 1170 3193 ne
1189 3129 1404 3211 asperitatem
1424 3126 1583 3191 doetrinae

459 3248 496 3311 in
515 3245 598 3326 ipsis
618 3245 816 3310 rudimentis
841 3267 910 3310 non
937 3220 1121 3310 tolerantes
1149 3244 1364 3327 impatienter
1383 3244 1493 3305 ferant
1511 3262 1583 3305 cer·

459 3364 554 3446 rigi».
576 3360 705 3431 Sollers
725 3383 801 3427 cum
820 3362 996 3434 infinitivo,
1017 3365 1055 3425 ut
1069 3361 1124 3425 VI.
1145 3362 1206 3424 24:
1228 3359 1313 3421 «Nee
1331 3359 1443 3421 tenuis
1463 3358 1584 3421 sellem

459 3479 633 3545 turdarum
652 3500 752 3544 nosse
773 3480 936 3555 salivas»;
956 3479 996 3541 cf.
1016 3477 1097 3540 Hor.
1119 3475 1226 3540 Carm.
1246 3474 1302 3538 IV.
1322 3476 1352 3542 6,
1370 3475 1408 3537 8:
1438 3471 1586 3537 «Sollers

459 3615 549 3659 nune
569 3597 740 3659 hominem
765 3614 899 3677 ponere.
920 3614 1011 3659 nunc
1038 3593 1180 3667 deums;
1210 3590 1267 3654 Ov.
1296 3591 1369 3653 Am.
1398 3588 1441 3651 Il.
1467 3589 1496 3661 7,
1521 3589 1580 3651 17:

464 3710 600 3775 «sollers
628 3731 747 3774 ornare
776 3708 964 3791 Cypassis».
984 3745 1030 3752 —
1048 3705 1215 3789 Adpeaile
1233 3758 1239 3770 .
1258 3757 1265 3770 .
1283 3757 1289 3768 .
1309 3704 1440 3790 reputa,
1466 3703 1507 3766 de
1530 3722 1585 3765 re·-

459 3828 537 3907 gula
555 3826 631 3893 vide
650 3825 901 3890 adnotationem
922 3824 964 3887 ad
982 3824 1036 3887 Il'.
1061 3825 1118 3887 tn:
1143 3841 1237 3885 «cum
1257 3822 1344 3883 fallit
1362 3819 1447 3901 pede
1466 3817 1581 3900 regula

457 3963 569 4006 varos.
590 3941 717 4021 Regula
737 3939 917 4021 adponitur
934 3940 1032 4002 lineae
1052 3959 1158 4001 curva
1179 3942 1211 4000 et
1231 3938 1302 3999 eius
1321 3955 1384 4016 ope
1402 3935 1494 3998 linea
1510 3953 1581 3998 cor·

459 4058 586 4139 rigitur.
607 4061 645 4119 ut
668 4061 758 4120 recta
785 4056 853 4120 fiat.
873 4092 918 4100 —
939 4054 1102 4120 intortos,
1120 4102 1149 4119 ..
1169 4071 1291 4120 trieres,
1313 4071 1424 4114 mores
1451 4070 1579 4125 curvos,

459 4176 480 4239 i.
502 4194 529 4238 e.
550 4193 689 4255 praves;
719 4174 758 4237 ei.
787 4172 847 4236 111.
868 4172 929 4236 52:
954 4191 1090 4234 «curvos
1108 4168 1297 4251 dependere
1321 4186 1450 4230 mores»
1473 4169 1507 4228 ct
1524 4164 1583 4229 IV.

462 4290 610 4353 11-1r2
634 4291 778 4351 ereetum
798 4286 968 4355 discernis.
990 4286 1046 4350 ubi
1066 4286 1155 4348 inter
1173 4283 1280 4348 Curva
1298 4281 1405 4345 subit»
1429 4284 1462 4343 et
1477 4279 1585 4343 adno-

458 4406 604 4469 tationes
623 4402 666 4467 ad
684 4404 746 4467 hos
764 4404 865 4467 locos.
884 4439 929 4447 —
948 4399 1109 4475 exlendit,
1129 4402 1237 4462 rectos
1257 4398 1343 4461 feeit
1368 4434 1413 4441 -
1434 4392 1480 4460 Ei
1494 4412 1583 4479 pre·
