3917 5475
787 713 897 757 SATIRA
913 713 946 757 V.'
960 709 1083 758 34—37.

495 887 595 946 Multa
616 889 691 945 satis
711 885 788 946 lusi:
811 907 877 946 non
899 892 945 946 est
966 887 1023 946 dea
1045 891 1150 948 ne'soia
1171 892 1280 958 nostri,

538 1002 610 1074 Qus)
632 1001 753 1062 dulcem
774 1003 855 1061 euris
877 1004 987 1062 miscet
1008 1005 1191 1064 amaritiem.

427 1232 465 1296 V.
487 1233 629 1298 34-37.
652 1229 805 1315 Cumque
834 1232 898 1297 iter
923 1234 1128 1321 orribiqmrm
1158 1237 1216 1310 est,
1246 1238 1286 1300 of.
1312 1236 1499 1300 adnotatio·

375 1368 453 1410 nem
482 1346 525 1410 ad
554 1347 612 1411 III.
643 1347 703 1412 56:
737 1347 797 1410 «Et
824 1348 886 1411 tibi
915 1369 986 1430 quae
1017 1348 1147 1414 Samios
1166 1351 1295 1413 diduxit
1312 1351 1425 1413 littera
1448 1371 1499 1414 ra-

375 1483 478 1526 mos.»
497 1499 543 1506 —
562 1461 638 1527 vitus
650 1461 794 1537 raesoius
808 1464 960 1527 nondum
981 1465 1185 1546 experientia
1202 1465 1327 1529 doetus.
1349 1463 1397 1528 Cf.
1417 1464 1498 1528 Hor.

374 1578 435 1659 Ep.
455 1578 481 1643 I.
503 1578 531 1654 3,
555 1578 695 1642 32—33.
725 1579 766 1641 de
793 1579 991 1643 iuvenibus:
1023 1579 1108 1643 «Vos
1130 1575 1196 1644 Seu
1216 1580 1343 1643 salidus
1363 1583 1500 1661 sanguis

377 1713 434 1756 seu
454 1713 564 1755 rerum
584 1694 728 1756 inscitia
755 1699 881 1759 vexet.»
904 1732 948 1738 —
969 1713 1073 1770 error,
1101 1695 1231 1765 erratio,
1251 1715 1356 1776 vagus
1375 1696 1500 1759 dissur-

376 1828 432 1871 sus
443 1830 451 1883 ;
480 1806 637 1872 dicuntur
666 1811 755 1872 enim
783 1811 817 1884 ii,
848 1811 905 1891 qui
934 1811 1100 1890 sapientie
1130 1813 1252 1879 carent,
1283 1811 1320 1873 in
1337 1811 1407 1874 vita
1427 1812 1499 1873 sine

376 1926 465 1986 serto
484 1921 551 1986 fine
569 1925 694 2004 vagari.
716 1924 763 1989 Cf.
785 1926 880 1988 Luor.
898 1926 940 1989 ΙΙ.
960 1927 1088 1990 7—10:

409 2107 410 2112 ¹
496 2081 557 2140 Sed
578 2083 625 2140 nil
646 2081 764 2142 dulcius
786 2086 841 2153 est,
863 2084 941 2143 bene
964 2105 1056 2160 quam
1079 2086 1200 2142 munita
1221 2087 1326 2143 tenere

494 2195 588 2256 Edita
609 2197 756 2256 doetrinae
779 2200 956 2274 sapientum
977 2200 1095 2275 templa
1116 2217 1234 2268 serena,

494 2313 660 2388 Despioere
681 2313 878 2389 unde‘queas
901 2315 977 2372 alios
999 2316 1177 2390 passimque
1198 2313 1303 2371 videre

494 2429 610 2488 Errare
632 2432 722 2506 atque
743 2430 827 2488 viam
847 2430 983 2504 palantis
1006 2448 1141 2504 quaerere
1161 2432 1233 2488 vitae

377 2619 409 2678 et
427 2615 508 2679 Hor.
530 2614 596 2680 Sat.
617 2617 676 2680 ΙΙΙ.
695 2618 724 2692 d,
745 2618 897 2681 Ars-53:

846 2822 853 2835 .
876 2820 883 2833 .
906 2821 912 2834 .
936 2776 1022 2833 velut
1043 2776 1128 2833 silvis
1150 2775 1201 2833 ubi
1223 2777 1340 2851 passim

495 2888 633 2948 Pala-ntis
655 2909 740 2948 orror
761 2892 843 2947 serto
866 2888 902 2947 de
924 2891 1048 2948 tramite
1069 2890 1166 2966 pellit,

496 3005 551 3063 Ille
573 3006 796 3075 sinistrorsum,
818 3006 875 3063 hio·
890 3004 1085 3064 dextrorsum
1107 3005 1180 3076 abit,
1201 3027 1283 3065 unus
1304 3008 1426 3083 utrique

495 3122 601 3190 Error,
623 3120 677 3179 sed
697 3122 791 3179 vsriis
813 3120 927 3179 inludit
947 3122 1097 3196 partibus,
1119 3122 1178 3181 hoe
1200 3125 1229 3180 te

498 3235 593 3295 Crede
615 3234 707 3293 modo
727 3238 883 3305 insanum,
907 3237 1006 3294 nihilo
1028 3240 1063 3294 ut
1084 3239 1257 3312 sap'entior
1277 3238 1339 3308 ille,

498 3352 556 3423 Qui
577 3355 607 3409 te
630 3350 757 3419 deridet,
780 3351 909 3410 eandam
930 3353 1044 3411 trahat.

374 3577 420 3585 —
433 3536 603 3623 trepidos.
624 3590 629 3601 .
651 3589 657 3603 .
678 3539 815 3612 anstites,
833 3538 964 3601 animos
980 3539 1135 3614 insertos,
1154 3540 1279 3603 anxios.
1296 3578 1341 3584 —-
1358 3558 1500 3604 rorrsosu

376 3656 414 3719 ia
432 3654 591 3738 conspetu,
612 3653 668 3717 ubi
687 3654 801 3735 plures
828 3655 899 3728 viae,
921 3654 1016 3735 quasi
1045 3655 1139 3729 rami,
1166 3656 1292 3718 duount
1312 3660 1344 3718 et
1364 3655 1499 3718 difficile

377 3774 427 3833 est
446 3768 632 3845 decernere,
658 3790 810 3851 quaenam
828 3770 883 3833 via
903 3770 946 3832 sit
966 3769 1129 3849 eligenda.
1149 3806 1194 3813 —
1213 3768 1267 3834 Me
1285 3769 1348 3834 tibi
1367 3788 1498 3854 suppo-

375 3883 439 3959 sui,
459 3904 530 3949 non
548 3885 666 3948 utebar
680 3884 834 3947 libertate
847 3885 932 3948 mihi
946 3886 1109 3955 nocitura,
1132 3884 1190 3948 sed
1208 3905 1263 3947 me
1281 3885 1343 3947 tibi
1363 3885 1497 3958 subieci,

375 4000 436 4063 tibi
456 4000 492 4062 in
512 4000 725 4081 disciplinam
744 3999 875 4063 tradidi.
888 4000 1089 4083 Suppoaere
1106 4020 1166 4081 pro
1187 3991 1363 4073 subiicere,
1384 4005 1422 4063 ut
1439 4000 1497 4064 Ov.

376 4114 465 4179 Fast.
485 4116 511 4178 Ι.
531 4116 615 4179 306:
641 4116 868 4196 «Aetheraque
888 4116 1024 4195 ingenio
1039 4135 1244 4197 supposuere
1261 4136 1354 4190 suo»,
1369 4120 1402 4178 et
1416 4116 1497 4179 Her.

374 4230 477 4294 XVII.
506 4231 698 4295 ris—me:
734 4230 892 4293 «Credere
921 4232 977 4295 vix
1006 4232 1159 4312 equidem
1186 4231 1332 4293 eaelestia
1360 4251 1498 4313 corpora

375 4366 513 4427 possum
532 4345 676 4408 Arbitrio
708 4347 851 4409 formem
880 4348 1097 4429 supposuisse
1116 4350 1206 4409 tuo».
1227 4384 1271 4390 —
1296 4344 1440 4411 Tortores
1461 4348 1499 4411 ta

375 4459 522 4545 suscipis
548 4479 657 4525 11111103
686 4460 869 4537 Socratico,
905 4459 1062 4528 Cornuto.
1092 4461 1182 4532 siria,
1208 4465 1245 4523 tu
1268 4482 1322 4524 me
1341 4462 1498 4525 iuvenem
