3917 5475
467 675 519 727 350
877 697 986 741 sarias
1001 699 1043 741 vr.
1063 696 1094 741 78
1111 697 1183 742 ——so

463 894 533 937 non
552 874 694 937 nimium
712 872 816 956 probo
837 877 869 936 et
888 877 1021 939 tantum
1040 876 1158 954 patior,
1181 875 1423 957 philosophum
1441 876 1533 957 loqui
1545 876 1586 939 de

465 989 703 1070 cupiditatibus
721 987 886 1052 finiendis.
900 989 952 1051 An
971 992 1082 1069 potest
1102 990 1266 1070 cupiditas
1285 988 1404 1053 finiri?
1426 992 1587 1055 Tollenda

466 1107 634 1185 astatque
654 1104 857 1167 extrahenda
884 1103 1051 1168 radicitus.
1083 1105 1165 1183 Quis
1185 1108 1235 1168 cst
1254 1106 1354 1172 enirn.
1385 1107 1421 1168 iu
1450 1127 1513 1187 quo
1543 1107 1607 1169 sit'

465 1221 638 1301 cupiditas,
661 1221 740 1302 quin
769 1224 857 1283 reete
884 1220 1024 1301 cupidus
1053 1221 1118 1283 dici
1137 1222 1269 1301 possit?
1295 1222 1382 1301 Ergo
1403 1226 1436 1284 ot
1456 1240 1584 1285 avarus

466 1337 536 1410 erit,
559 1336 616 1399 sed
634 1334 738 1419 finito,
759 1339 791 1397 et
811 1335 948 1409 adulter,
970 1356 1087 1398 verum
1106 1335 1241 1398 habebit
1270 1337 1417 1404 modum.
1441 1340 1473 1399 et
1490 1338 1585 1400 luxu-

465 1453 574 1515 riosus
594 1452 710 1513 eodem
735 1450 843 1514 modo.
875 1450 989 1529 Qualis
1009 1452 1074 1513 ista
1102 1452 1316 1533 philosophia
1346 1457 1404 1520 est,
1426 1474 1497 1535 quae
1516 1432 1587 1516 noh

466 1570 638 1632 interitum
659 1568 774 1631 afferat
802 1568 984 1650 pravitatis,
1016 1568 1074 1630 sed
1102 1569 1145 1631 sit
1174 1573 1329 1631 contenta
1358 1568 1586 1632 mediocritate

464 1684 653 1746 vitiorum».
674 1720 718 1726 —-
737 1680 908 1763 laventur,
940 1682 1078 1765 supple:
1109 1687 1167 1747 est,
1188 1720 1232 1727 —
1254 1679 1465 1768 Chrysippam
1483 1681 1586 1765 Chry-

467 1800 590 1880 sippus,
609 1802 686 1879 post
698 1797 894 1861 Cleanthem
912 1802 1009 1861 sectae
1023 1796 1140 1862 Stoicae
1156 1799 1320 1881 princeps,
1333 1800 1415 1861 vixit
1435 1818 1461 1861 a.
1477 1798 1588 1861 ast—

466 1914 539 1979 208.
571 1934 597 1977 a.
628 1912 702 1977 Chr.
732 1935 764 1977 rr.
797 1952 839 1957 —
869 1913 941 1977 tot.
964 1964 993 1978 ..
1017 1912 1152 1993 uoerui;
1179 1912 1298 1975 alludit
1326 1912 1368 1975 ad
1396 1914 1586 1994 captionem

465 2029 682 2103 dialecticam,
704 2050 804 2111 quarn
825 2029 929 2093 Graeci
950 2034 1107 2113 σωρείτην,
1120 2029 1262 2092 Romani
1284 2034 1583 2104 osorouurvocant

465 2148 503 2207 ut
521 2144 601 2207 Hor.
622 2145 681 2226 Ep.
703 2145 744 2207 ΙΙ.
769 2147 795 2219 1,
817 2146 960 2209 45-47.

585 2303 664 2363 Utor
685 2304 835 2378 permisso
857 2303 1021 2378 caudaque
1043 2305 1122 2379 pilos
1143 2309 1178 2362 ut
1199 2306 1318 2379 equina

586 2420 740 2478 Paulatim
761 2419 840 2477 vello
864 2422 894 2477 et
916 2419 1006 2478 demo
1028 2440 1135 2490 unum,
1158 2419 1247 2478 demo
1270 2421 1364 2477 etiarn
1385 2438 1489 2488 unum,

585 2534 668 2593 Dum
690 2534 780 2593 eadat
800 2535 901 2593 elusus
922 2537 1042 2594 ratione
1064 2538 1182 2595 ruentis
1203 2537 1313 2594 orarit.

465 2724 514 2787 De
534 2745 650 2787 acervo
670 2725 708 2788 cf.
730 2722 794 2789 Cic.
823 2724 920 2789 Aead.
947 2747 994 2807 pr.
1017 2725 1057 2791 Il.
1083 2727 1132 2801 16,
1155 2726 1216 2790 79:
1241 2724 1511 2806 «Captiosissimo
1531 2744 1587 2804 ge-

466 2862 544 2904 nere
564 2842 836 2921 interrogationis
854 2845 1005 2915 utuntur,
1029 2842 1117 2923 quod
1136 2862 1242 2923 genus
1261 2842 1401 2904 minime
1421 2840 1458 2901 in
1477 2840 1587 2920 philo-

467 2957 585 3038 sophia
608 2957 742 3038 probari
771 2958 862 3032 solet,
896 2977 971 3020 oum
1001 2957 1126 3039 aliquid
1154 2957 1346 3020 minutatim
1371 2959 1404 3018 et
1422 2954 1587 3036 gradatim

467 3073 599 3136 additur
617 3077 675 3136 aut
694 3073 845 3136 demitur.
862 3070 996 3137 Seritur
1017 3075 1079 3135 hoc
1090 3076 1219 3145 vocant,
1241 3072 1319 3152 quia
1338 3089 1498 3135 domuum
1518 3069 1587 3133 effi-

466 3190 558 3251 ciunt
576 3209 644 3250 uno
666 3187 777 3252 addito
790 3208 935 3268 grano»;
956 3188 1034 3252 ibid.
1052 3189 1093 3251 Π.
1116 3188 1167 3261 28,
1190 3189 1241 3251 92.
1259 3187 1355 3250 docet
1367 3185 1480 3249 Cicero
1498 3206 1587 3249 accr-

465 3326 544 3368 vum
562 3304 652 3366 finiri
672 3324 741 3366 non
760 3326 878 3386 posse:
912 3305 1030 3368 «Venit
1050 3305 1092 3368 ad
1111 3304 1249 3378 scritura,
1269 3303 1435 3365 lubricum
1455 3322 1535 3365 sane
1555 3306 1589 3365 et

466 3419 690 3500 periculosum
709 3420 837 3495 looum;
869 3420 956 3500 quod
985 3424 1022 3482 tu
1041 3419 1139 3482 modo
1169 3418 1300 3481 dicebas
1330 3439 1401 3480 esse
1428 3418 1588 3479 vitiosum

467 3535 694 3615 interrogandi
722 3556 837 3616 genus.
869 3537 955 3614 Quid
987 3541 1090 3617 ergo?
1123 3535 1225 3597 istius
1258 3535 1330 3598 vitii
1362 3554 1445 3597 num
1472 3536 1589 3595 nostra

467 3651 565 3731 culpa
582 3655 656 3714 est?
683 3651 808 3714 Rerum
836 3657 956 3714 natura
975 3652 1105 3714 nullam
1134 3651 1231 3714 nobis
1251 3649 1341 3713 dedit
1360 3649 1589 3730 cognitionem

466 3766 593 3841 finium,
615 3771 652 3829 ut
671 3766 741 3829 ulla
758 3767 793 3828 in
814 3788 847 3829 re
869 3770 1013 3829 statuero
1033 3768 1220 3847 possimus:
1241 3767 1433 3849 quotcuus;
1450 3784 1513 3827 nac
1526 3765 1589 3826 hoe

466 3886 503 3946 in
522 3903 637 3947 acervo
659 3882 759 3944 tritici
786 3883 903 3949 solum.
925 3883 1013 3944 unde
1034 3903 1159 3945 nomen
1179 3887 1237 3955 est,
1260 3882 1317 3944 sed
1332 3881 1427 3944 nulla
1449 3881 1588 3943 omnino

467 3999 502 4061 in
514 4018 547 4061 re
558 3999 751 4061 minutatim
764 3999 1003 4079 interroganti:
1024 3998 1124 4071 dives,
1139 4019 1284 4080 pauper;
1303 3997 1412 4060 clarus
1429 3996 1590 4060 obscurus

468 4116 529 4190 sit3
549 4114 656 4176 multa
675 4133 781 4195 pauca
792 4137 799 4188 ;
829 4134 952 4194 magna
972 4133 1093 4194 parva3
1112 4113 1214 4194 longa
1232 4112 1363 4187 brevia3
1383 4113 1461 4185 lata¹⁴
1483 4132 1589 4192 angu-
1661 4164 1665 4172 .

468 4235 537 4293 sta:
558 4233 682 4311 quanto
703 4228 814 4291 addito
836 4233 893 4290 aut
912 4228 1047 4309 dempto
1065 4232 1192 4290 certum
1211 4226 1298 4309 quod
1316 4227 1588 4306 respondeamus,

466 4366 536 4409 non
556 4345 747 4409 habemus».
770 4346 901 4408 Persius
914 4345 954 4406 do
968 4363 1087 4409 (toarno
1104 4341 1284 4427 Chrysippi
1297 4344 1374 4422 agit,
1393 4340 1470 4424 quia
1486 4340 1591 4424 Chry-

469 4462 584 4543 sippus
604 4461 747 4524 multum
777 4461 952 4524 sudaverat
971 4462 1008 4522 in
1028 4480 1142 4522 acervo
1170 4458 1317 4521 finiendo
1347 4477 1454 4538 neque
1473 4460 1591 4520 tamon
