3917 5475
451 662 502 716 162
855 680 966 725 sirmi
979 679 1029 724 m.
1049 675 1167 724 15—18.

451 859 615 924 simulans
633 858 858 922 instrumenta
886 855 1061 936 scriptoria
1088 855 1230 919 incusat.
1252 893 1295 898 —
1315 856 1495 938 querimur
1512 875 1574 937 pro

448 974 760 1059 ¹qaea'tarironica
780 975 939 1052 utsupra
962 991 1009 1036 vs.
1032 971 1060 1034 3.
1092 970 1266 1034 stertimus
1296 990 1357 1051 pro
1386 969 1511 1036 stertis.
1531 1007 1577 1013 —

451 1107 593 1154 crassus·
611 1089 745 1155 calamo
765 1085 858 1172 quod
880 1085 1029 1171 pendeat
1058 1083 1191 1165 tumor,
1210 1085 1343 1149 iuvenis
1371 1085 1522 1167 queritur
1539 1105 1577 1148 se

452 1203 596 1268 scribere
614 1223 685 1266 non
702 1223 811 1284 posse,
832 1223 908 1265 oum
927 1205 1153 1266 atramentum
1164 1203 1266 1265 nimis
1280 1221 1428 1265 crassum
1445 1202 1576 1265 calamo

454 1319 630 1383 adhaereat
656 1317 703 1383 Cf.
724 1319 805 1383 Hor.
837 1317 903 1384 Sat
933 1318 974 1384 Π.
1006 1319 1035 1393 3,
1064 1319 1103 1383 7:
1136 1316 1340 1400 «Culpantur
1370 1318 1493 1382 frustra
1523 1337 1577 1379 ca-

453 1435 570 1499 lamis.
591 1471 636 1480 -
653 1432 764 1520 Nipra
790 1432 850 1499 sed
867 1435 986 1519 infusa
1013 1435 1163 1500 carescit
1192 1435 1284 1517 sepia
1314 1405 1577 1518 lymphu‚'post-

454 1569 555 1632 quam
575 1553 762 1618 atramento
782 1571 893 1615 crasso
913 1571 1000 1632 aqua
1022 1551 1135 1613 infusa
1155 1553 1213 1624 ast,
1243 1550 1392 1631 queritur
1412 1551 1578 1612 atramen-

454 1672 528 1730 tum
545 1665 709 1748 pallidum
738 1686 810 1730 asse
834 1668 967 1731 factum.
997 1703 1042 1711 —-
1068 1663 1178 1752 Nipra
1198 1717 1256 1732 ...
1285 1665 1391 1750 sepia,
1412 1668 1579 1728 atramen-

454 1787 529 1845 tum
548 1803 588 1845 ex
605 1784 746 1847 humore
765 1784 865 1864 sepiae
881 1782 1083 1864 (Hungariee
1104 1780 1265 1864 iirrlulml,
1278 1780 1476 1846 Germaniae
1494 1777 1579 1844 Tm-

458 1894 610 1981 teufisah)
629 1900 763 1971 factum,
784 1902 822 1961 ut
841 1897 931 1980 apud
957 1898 1145 1962 Ausonium
1169 1898 1253 1979 Epp.
1274 1897 1327 1962 IV.
1349 1898 1412 1971 74„
1432 1894 1502 1960 VH„
1525 1896 1579 1981 54.

458 2015 655 2078 Atramento
677 2035 715 2077 ex
731 2015 871 2095 fuligine
891 2015 978 2077 facto
998 2014 1179 2078 utebantur
1196 2014 1411 2096 potissimum
1430 2015 1580 2086 veteres3

397 2121 401 2127 ’
461 2128 520 2192 sed
535 2133 624 2192 recte
643 2129 685 2193 ad
704 2132 735 2194 h.
756 2132 777 2193 l
799 2130 944 2194 scholia:
967 2128 1086 2211 «Sepia
1112 2131 1214 2212 piscis
1242 2131 1290 2193 ita
1318 2130 1452 2211 nigrum
1480 2128 1583 2192 habet

455 2245 669 2325 sanguinem,
690 2250 729 2309 ut
747 2249 973 2310 atramentum
1000 2244 1079 2308 inde
1107 2245 1311 2310 conficiatur.
1320 2270 1331 2303 »ι
1355 2283 1400 2289 -
1417 2244 1583 2328 succeseit,

461 2361 686 2425 atramentum
701 2362 750 2424 ita
764 2360 928 2443 pallidum
940 2360 985 2436 fit,
999 2365 1038 2424 ut
1051 2363 1214 2443 scriptura
1226 2364 1321 2445 quasi
1335 2365 1519 2446 evanescat.
1536 2398 1584 2406 -

460 2472 600 2541 Dilutas
620 2477 799 2561 querimur
816 2478 963 2563 pemioet
980 2476 1071 2561 quod
1082 2478 1202 2561 fistula
1213 2481 1342 2565 puteas,
1354 2478 1486 2541 iuvenis
1503 2497 1582 2560 que·

336 2672 339 2679 ¹
459 2591 545 2657 ritur
562 2597 788 2657 atramentum
807 2616 893 2676 aqua
911 2596 959 2658 ita
987 2594 1129 2657 dilutum
1159 2615 1240 2670 esse,
1261 2599 1298 2658 ut
1317 2596 1465 2658 calamus
1492 2594 1583 2656 iusto
1661 2629 1664 2634 ·

460 2708 605 2773 maiores
633 2713 743 2792 guttas
772 2711 946 2775 destillans
974 2711 1125 2775 chartam
1151 2711 1337 2775 commacu]
1357 2713 1379 2775 t.
1400 2749 1445 2755 ——
1463 2709 1582 2795 queri-

460 2842 551 2904 mur,
577 2829 614 2889 ut
643 2847 744 2907 supra
770 2849 816 2892 vs.
850 2830 898 2892 m.
925 2866 970 2872 —
996 2828 1127 2912 fistula,
1155 2827 1302 2891 calamus
1331 2828 1525 2908 scriptorius
1545 2847 1586 2889 ex

465 2940 578 3003 fistula
598 2942 797 3008 harundinis
814 2947 938 3019 factus3
960 2946 1000 3007 of.
1022 2964 1123 3024 supra
1141 2964 1187 3006 vs.
1213 2944 1273 3006 ll:
1295 2940 1463 3007 hcruudo.

517 3054 554 3117 V.
579 3056 716 3123 15-18,
743 3056 771 3123 0
792 3061 893 3126 miser
910 3081 973 3125 vss.
999 3061 1137 3124 15-18.
1160 3066 1239 3123 sunt
1258 3060 1359 3124 verba
1377 3058 1584 3141 philosophi,
1630 3058 1637 3068 '

464 3189 564 3251 quem
591 3178 691 3254 poeta
719 3196 782 3239 vss.
816 3177 910 3240 1-6,
939 3177 1135 3257 loquentem
1162 3176 1301 3239 induxit.
1322 3213 1367 3219 —
1384 3175 1487 3258 mque
1516 3172 1587 3251 dies

463 3286 558 3352 ultra
570 3289 684 3372 miser,
696 3291 732 3352 in
745 3290 816 3355 dies
835 3293 997 3355 miserior.
1025 3288 1123 3356 Ultra
1138 3313 1199 3373 pro
1215 3292 1323 3374 irrepis
1336 3312 1411 3354 cum
1424 3290 1585 3354 adiectivo
1683 3374 1686 3379 Ι
1784 3372 1785 3383 ¹

463 3405 618 3468 iunctum
634 3408 828 3472 insolenter.
849 3446 894 3452 —
914 3407 1034 3472 huriue
1053 3427 1170 3472 rerum
1197 3405 1367 3489 Venimus,
1387 3427 1425 3469 eo
1444 3406 1586 3488 ignaviae
1659 3480 1661 3485 Ι

464 3522 597 3592 venisti,
617 3526 654 3586 ut
678 3545 731 3587 me
751 3529 820 3589 tam
838 3527 934 3589 venis
955 3524 1223 3587 excusationibus
1241 3524 1355 3586 fallere
1371 3526 1524 3604 temptes.
1542 3557 1588 3565 —-

467 3636 657 3725 leucam
676 3640 741 3703 Cio.
762 3640 852 3705 Verr.
875 3643 904 3708 5.
929 3642 1012 3704 163:
1037 3640 1186 3703 «Hucine
1207 3639 1320 3703 omnia
1340 3638 1585 3713 reciderunttm

467 3753 543 3818 Sall.
562 3754 632 3836 lug.
656 3757 704 3825 14.
724 3747 946 3826 llleucine,
968 3756 1110 3837 Micipsa
1129 3760 1233 3837 pater,
1255 3753 1416 3818 beneficia
1435 3758 1493 3817 tua
1513 3773 1587 3816 eva-

467 3875 581 3933 seret»
604 3891 729 3935 -eur
756 3892 825 3937 uois
849 3873 967 3955 potius
998 3874 1178 3955 teneroque
1207 3870 1362 3937 columbo
1391 3867 1436 3935 Et
1461 3868 1587 3933 similis

466 4002 587 4069 repum
604 3988 723 4070 pueris
743 4007 897 4073 pappare
925 3988 1100 4053 minutum
1129 3984 1256 4067 Poscis,
1285 3987 1411 4049 ironice
1442 3984 1587 4047 dictum:

466 4120 526 4162 eur
543 4121 613 4163 non
631 4103 681 4164 vis
702 4105 803 4167 etiam
823 4125 921 4176 nuno,
944 4104 1137 4167 adultaiam
1157 4106 1263 4171 estete.
1284 4106 1322 4164 ut
1340 4122 1449 4183 parvae
1463 4100 1588 4162 colum-

464 4217 515 4282 bae
536 4218 568 4277 et
586 4215 719 4281 delicati
749 4220 912 4283 nobilium
939 4220 1097 4287 infantes.
1128 4220 1218 4282 cibos
1248 4217 1343 4281 edere
1372 4212 1589 4303 commandu-

461 4340 582 4399 catos?
601 4336 686 4399 Nam
703 4337 752 4399 ita
771 4341 803 4398 te
828 4338 923 4417 geris,
938 4340 975 4398 ut
992 4337 1156 4398 infantem
1169 4334 1262 4397 decet
1273 4354 1423 4414 parvum.
1436 4367 1482 4374 —-
1494 4333 1588 4415 teue-

464 4472 572 4537 roque
592 4452 759 4534 columbo,
778 4474 880 4535 parva
899 4452 1053 4515 columba
1065 4451 1234 4513 alimentis
1251 4449 1342 4512 duris
1355 4448 1443 4535 vesci
1462 4443 1588 4527 nequit,
