3917 5475
469 700 518 753 ¹00
880 717 991 762 ssrrns
1006 720 1027 762 1.
1047 715 1169 763 cs--sa

465 901 562 963 dibus
588 897 667 980 quid
694 895 847 961 claudere
877 897 998 960 senis».
1019 934 1063 940 -—
1082 895 1306 980 Berecyntius
1332 895 1434 978 Attis,
1455 902 1492 961 ut
1511 900 1593 963 Ovi-

465 1020 540 1083 dius
567 1013 723 1085 Attidem,
744 1012 812 1074 deae
841 1011 979 1092 Cyheles
1008 1013 1180 1087 famulum,
1213 1010 1405 1096 Cybeleium
1436 1015 1526 1093 (Met.
1548 1017 1590 1080 X.

470 1136 562 1202 loll.
584 1133 631 1193 ita
649 1132 748 1212 poeta
767 1127 868 1189 huius
887 1128 1045 1190 carminis
1063 1126 1206 1189 eundem
1222 1125 1463 1212 Berecyntiacus
1479 1133 1592 1195 nomi-

465 1248 567 1315 navit.
598 1246 675 1328 quia
703 1242 841 1324 Cybeles
869 1262 1055 1322 cognomen
1086 1248 1157 1305 erat
1184 1240 1398 1328 Berecyntio.
1427 1244 1593 1310 Similiter

466 1361 708 1448 Berecyntiurn
728 1359 876 1442 appellat
895 1357 1033 1422 Ovidius
1052 1356 1141 1436 (Met.
1163 1357 1218 1421 XI.
1242 1360 1327 1438 107.)
1345 1361 1470 1436 Midan,
1486 1361 1593 1444 Cybe-

467 1484 515 1546 les
527 1480 643 1543 filium.
659 1475 723 1541 Sed
735 1496 811 1538 cum
826 1494 926 1538 nemo
942 1475 1100 1556 priorum,
1118 1475 1173 1555 qui
1191 1475 1230 1537 de
1247 1476 1358 1539 Attide
1376 1479 1592 1559 scripserant,

467 1603 516 1677 (ut
532 1595 669 1660 Ovidius
686 1594 721 1655 in
737 1591 1054 1672 Metamorphoseon
1070 1591 1164 1654 libris
1184 1596 1217 1653 et
1232 1590 1382 1655 Catullus
1399 1615 1425 1657 c.
1440 1596 1515 1670 63),
1528 1597 1595 1660 hoc

353 1754 358 1762 ·
469 1715 642 1796 epitheton
674 1709 704 1771 ei
732 1707 923 1782 addidisset,
954 1707 1087 1770 Persius
1115 1708 1288 1789 epitheton
1316 1710 1500 1787 insolitum,
1532 1713 1595 1776 sed

468 1830 606 1896 omnino
626 1829 751 1909 aptum,
772 1824 826 1887 hic
844 1844 914 1886 non
930 1823 1196 1904 reprehendendi
1216 1843 1324 1899 causa,
1340 1825 1398 1887 sed
1409 1827 1484 1890 ideo
1501 1847 1593 1890 com·

468 1943 674 2015 memoravit,
695 1945 733 2003 ut
751 1941 891 2003 lectores
911 1940 1026 2002 statim
1044 1938 1278 2019 intellegerent
1303 1942 1356 2021 agi
1375 1942 1530 2006 hocloco
1551 1942 1594 2006 de

469 2059 583 2128 Attide
602 2062 709 2141 poetae
728 2055 874 2137 aqualis,
895 2075 965 2118 non
991 2054 1031 2116 de
1059 2053 1173 2119 Attide
1204 2054 1366 2119 Ouidiano
1392 2062 1450 2120 aut
1478 2055 1594 2122 Catul-

469 2181 570 2242 liano.
591 2211 635 2220 κ
654 2172 714 2257 qni
734 2169 915 2235 caerulernn
935 2169 1119 2235 dirimebat
1137 2168 1247 2237 Nereo
1267 2169 1418 2255 delphin,
1432 2173 1533 2236 verba
1554 2195 1593 2237 ex

469 2292 615 2357 carmine
639 2291 745 2371 poetae
770 2285 943 2349 cuiusdam
967 2285 1080 2348 Persio
1104 2287 1241 2368 aequalis
1260 2287 1300 2349 de
1319 2287 1477 2370 delphine
1496 2289 1594 2352 Ario-

468 2429 551 2482 ne0;
569 2408 608 2470 ci.
624 2404 769 2468 scholia:
791 2403 966 2466 «Arionem
980 2402 1061 2464 dicit
1073 2403 1301 2477 citharoedum,
1316 2405 1372 2485 qui
1385 2424 1461 2466 cum
1473 2409 1594 2486 captus

471 2527 558 2589 esset
577 2543 596 2585 a
615 2520 733 2602 piratis
754 2523 786 2581 et
805 2518 930 2580 vellent
950 2539 1027 2580 eum
1043 2519 1174 2581 mittere
1202 2519 1238 2580 in
1268 2538 1367 2593 mare,
1389 2521 1592 2601 impetravit,

470 2647 508 2707 ut
526 2642 654 2704 cithara
670 2641 813 2700 caneret.
834 2636 998 2699 Veniente
1019 2640 1131 2698 autem
1159 2635 1316 2716 delphine
1345 2635 1484 2716 proiecit
1503 2637 1594 2698 sein

469 2780 560 2824 mare
578 2761 611 2819 et
627 2758 800 2836 susceptus
814 2754 854 2816 ab
871 2754 929 2816 illo
947 2753 988 2816 ad
1005 2753 1084 2815 litus
1101 2774 1205 2833 usque
1221 2751 1399 2833 perductus
1416 2755 1495 2815 est.»
1512 2751 1591 2815 Ver-

471 2895 544 2940 sum
561 2892 655 2955 pecne
674 2871 842 2950 integrum
862 2870 975 2932 attulit
993 2868 1135 2943 Persius,
1156 2872 1195 2930 ut
1213 2869 1352 2929 lectores
1372 2871 1595 2947 agnoscerent

471 3010 614 3055 carmen.
636 2986 676 3049 de
696 3006 760 3067 quo
781 2989 952 3065 ageretur3
972 3005 1053 3046 nam
1066 2983 1106 3045 de
1119 2984 1241 3045 Arione
1261 2983 1367 3045 multa
1387 2983 1594 3065 scripserunt

473 3108 574 3171 etiam
593 3104 720 3185 priores
740 3107 855 3183 poetae,
877 3105 914 3162 ut
934 3101 991 3163 Ov.
1013 3100 1102 3161 Fast.
1124 3098 1164 3161 ΙΙ.
1186 3098 1237 3161 83.
1261 3119 1327 3179 sqq.
1348 3097 1592 3163 dirimebat

471 3221 593 3301 Nereo,
613 3218 724 3283 nando
746 3217 879 3279 secabat
897 3215 1005 3278 undas
1024 3215 1146 3288 maris;
1168 3214 1206 3275 cf.
1229 3212 1309 3276 Stat.
1330 3213 1430 3275 Theb.
1452 3213 1488 3277 V.
1507 3214 1592 3277 482:

476 3338 638 3419 «Spumea
657 3334 800 3415 porrecti
816 3332 1011 3394 dirimentes
1031 3335 1123 3410 terga
1142 3328 1329 3411 profundi».
1350 3326 1491 3410 Nereus,
1511 3329 1593 3391 deus

471 3454 621 3516 marinus
641 3471 700 3531 pro
721 3469 806 3530 aqua
836 3448 948 3520 maris,
970 3452 1008 3509 ut
1035 3448 1103 3508 iam
1133 3444 1221 3526 apud
1249 3444 1344 3524 Verg.
1365 3445 1433 3507 nel.
1453 3445 1507 3509 Ἦ.
1530 3446 1589 3508 35:

476 3568 577 3631 «Tum
597 3566 715 3629 durare
745 3566 852 3628 solum
873 3568 906 3626 et
925 3563 1109 3626 discludere
1139 3563 1244 3625 Nerea
1271 3566 1406 3643 ponto»,
1436 3563 1476 3625 In
1494 3583 1591 3625 versu

471 3685 574 3765 igitur
592 3685 665 3763 ipso
682 3681 769 3743 nihil
788 3685 838 3742 est
857 3679 1178 3761 reprehendendum,
1192 3677 1249 3741 sed
1265 3681 1371 3741 totum
1387 3699 1508 3761 poema
1523 3699 1590 3741 non

472 3800 598 3883 placuit
617 3797 738 3859 Persio.
789 3836 797 3839 -
844 3799 972 3860 costum
1002 3797 1103 3881 lorsqu
1134 3794 1363 3861 ,crebrissimus
1392 3792 1570 3879 Apenninus
1581 3816 1595 3875 ,·

472 3915 571 3978 verba
591 3934 629 3975 cx
648 3913 794 3974 carmine
815 3912 957 3994 quodam
987 3914 1094 3985 tertio,
1120 3914 1214 3974 cuius
1243 3916 1477 3992 argumentum
1495 3911 1593 3974 nohis

472 4034 625 4113 ignotum
646 4033 703 4095 est.
726 4028 783 4090 sed
803 4029 982 4091 lectoribus
1002 4029 1116 4097 Persii,
1142 4033 1179 4090 ut
1198 4048 1341 4095 carmen.
1364 4027 1403 4089 de
1433 4046 1497 4108 quo
1518 4046 1590 4106 age-

472 4151 572 4212 retur,
595 4148 821 4223 agnoscerent,
842 4145 905 4207 hoc
924 4166 1031 4207 unum
1048 4143 1185 4212 suffecit,
1201 4143 1288 4225 quod
1304 4147 1401 4225 poeta
1420 4143 1477 4205 ille
1496 4142 1594 4204 nobis

473 4263 607 4343 ignotus
627 4260 755 4321 costum
776 4259 884 4321 monti
903 4260 1040 4333 tribuit3
1062 4265 1113 4322 est
1133 4260 1222 4322 enim
1235 4260 1430 4340 metaphora
1445 4258 1588 4331 insolita,

474 4398 545 4461 quae
566 4375 644 4439 alibi
664 4393 830 4454 nusquam
850 4376 1000 4438 occurrit.
1021 4375 1160 4438 Videtur
1178 4380 1276 4457 poeta
1296 4379 1374 4437 ante
1403 4375 1515 4437 oculos
1535 4374 1593 4435 ha-

474 4494 586 4557 buisse
610 4490 695 4552 Livii
724 4489 823 4551 verba
851 4489 1007 4566 (XXXVI.
1033 4492 1115 4569 let:
1152 4492 1337 4571 «Apennini
1366 4488 1468 4554 dorso
1496 4488 1594 4551 Italia
