3917 5475
467 637 517 690 136
875 657 986 700 saman
1000 657 1035 698 11.
1053 653 1177 700 ati—30.

463 835 500 897 in
520 854 559 898 eo
577 833 769 896 bidentibus
788 833 908 895 hostiis
928 831 1176 895 sacrificaretur.
1195 829 1356 896 Bideutes
1377 835 1489 894 autem
1509 835 1587 896 sunt

465 969 544 1012 oves
569 949 653 1012 duos
681 947 798 1011 dentes
817 948 986 1028 longiores
1013 948 1131 1010 ceteris
1157 947 1336 1010 habentes»
1365 947 1464 1024 (Fest.
1486 969 1510 1011 s.
1532 951 1584 1026 u).

462 1064 575 1127 Etiam
594 1066 695 1153 bomo
720 1064 861 1127 fulmine
889 1083 1067 1145 percussus
1093 1062 1210 1126 eodem
1237 1061 1310 1125 loeo
1339 1062 1399 1125 sub
1423 1063 1586 1128 bidentali

462 1179 672 1251 humabatur,
694 1180 772 1260 quia
790 1183 875 1243 teste
894 1179 1004 1242 Plinio
1024 1179 1072 1257 (N.
1093 1177 1135 1242 H.
1156 1178 1197 1242 H.
1222 1179 1307 1257 145.)
1328 1179 1518 1242 «hominem
1536 1181 1586 1244 ita

463 1295 690 1358 exanimatum
709 1295 850 1358 cremari
869 1295 918 1358 fas
937 1315 1009 1357 non
1028 1299 1086 1368 est,
1105 1294 1204 1357 condi
1216 1297 1304 1356 terra
1316 1294 1433 1374 religio
1449 1293 1582 1358 traditi.

462 1411 570 1489 Quare
592 1407 741 1475 bidental
765 1411 921 1475 hocloco
942 1409 1107 1491 significat
1131 1410 1303 1472 hominem
1333 1409 1393 1472 sub
1421 1408 1584 1480 bidentali

461 1524 652 1601 conditum;
673 1525 763 1589 idem
783 1523 1156 1608 mammoneamque
1175 1529 1320 1598 vocatur,
1339 1526 1417 1606 quia
1436 1525 1583 1606 fulgura·

459 1641 510 1703 les
527 1640 606 1702 libri
626 1644 710 1704 teste
731 1641 910 1704 Ammiano
937 1640 1134 1705 Marcellino
1163 1641 1324 1732 (XXXIII.
1347 1642 1389 1718 5.)
1407 1641 1490 1703 talia
1508 1640 1583 1704 loca

459 1775 521 1819 nec
550 1756 675 1819 intueri
700 1777 762 1818 nec
787 1755 909 1818 cadcari
936 1754 1054 1819 debere
1085 1757 1253 1820 iubebant.
1287 1755 1333 1819 Cf.
1365 1756 1446 1820 Hor.
1477 1757 1514 1820 A.
1546 1757 1579 1819 P.

458 1871 635 1935 471—479
648 1895 655 1934 ε

577 2031 728 2089 Minuerit
747 2030 781 2087 in
802 2030 921 2105 patrios
942 2032 1061 2088 cineres
1085 2033 1137 2088 aut
1158 2033 1243 2088 truie
1266 2031 1406 2090 bidental

577 2148 712 2206 Moverit
732 2148 913 2205 incestus..
930 2191 936 2204 .

456 2373 501 2380 ——
521 2335 617 2415 lucia,
636 2335 714 2415 quia
733 2334 888 2398 homines
908 2333 968 2396 sub
990 2333 1162 2396 arboribus
1183 2337 1309 2396 stantes
1330 2334 1487 2398 facillime
1506 2337 1580 2397 tan-

458 2454 582 2531 gimtur
601 2450 751 2513 fulmine.
773 2449 820 2513 Cf.
841 2449 914 2512 Hor
932 2448 1040 2512 Germ.
1062 2449 1086 2512 Ι.
1112 2449 1160 2522 12,
1183 2451 1242 2512 60:

709 2607 755 2665 Tu
775 2625 886 2682 parum
907 2607 999 2664 castis
1021 2608 1149 2665 inimica
1169 2606 1274 2664 mittes

707 2723 852 2782 Fulmina
871 2724 956 2783 lucis.

447 2950 492 2959 —
512 2911 676 2979 stolidam
701 2913 853 2996 prabet.
873 2964 905 2976 ..
942 2913 1098 2989 barbam,
1128 2933 1208 2995 pro:
1241 2913 1360 2977 stolide
1388 2935 1436 2995 pr.
1467 2915 1508 2989 b.‚
1539 2920 1577 2979 ut

450 3049 551 3109 supra
577 3049 624 3092 vs.
655 3029 696 3091 5:
727 3028 851 3093 «cauca
880 3028 999 3091 libabit
1029 3050 1158 3091 acerra»
1192 3050 1273 3110 pro:
1304 3031 1403 3096 tacite
1429 3032 1451 3094 l.
1478 3052 1505 3094 a.
1531 3068 1576 3077 —

444 3143 576 3227 prabet
595 3142 656 3208 tibi
679 3142 800 3208 uellere
831 3142 976 3208 barbam
1005 3142 1169 3228 Iuppiter,
1196 3146 1320 3226 praebet
1348 3147 1409 3209 tibi
1437 3148 1575 3211 barbam

447 3257 646 3332 vellendam,
676 3260 804 3339 patitur
823 3280 842 3321 a
861 3264 894 3321 te
914 3259 1055 3323 irrideri.
1084 3260 1228 3323 Barbam
1254 3262 1377 3325 vellere
1399 3266 1449 3326 est
1468 3283 1573 3344 genus

447 3375 614 3437 irrisionis
633 3375 962 3455 petulantissimum
993 3377 1032 3439 cf.
1053 3375 1078 3439 I.
1103 3377 1184 3439 133:
1210 3376 1263 3441 «Si
1291 3379 1406 3459 cynico
1435 3379 1573 3442 barbam

326 3562 328 3567 ,
447 3488 604 3570 petulans
624 3490 766 3552 nonaria
784 3490 914 3553 vellat.»
937 3528 983 3535 —
1001 3490 1170 3575 quidnam
1190 3497 1248 3569 est,
1265 3512 1336 3577 qua
1357 3497 1392 3558 lu
1410 3482 1571 3575 mercede,
1631 3512 1633 3517 ·

446 3624 526 3685 pro:
547 3604 706 3685 quidnam
722 3604 884 3669 mercedis
905 3611 963 3678 est,
985 3628 1059 3688 qua.
1080 3646 1124 3652 -
1143 3606 1277 3673 Emem's
1297 3610 1487 3693 auriculas,
1506 3632 1571 3694 qua

445 3718 596 3781 mercede
621 3717 701 3781 deos
725 3722 912 3801 corrupisti,
933 3726 970 3785 ut
989 3726 1021 3785 te
1047 3723 1249 3787 exaudirent.
1276 3724 1322 3788 Cf.
1346 3746 1446 3807 supra
1464 3747 1511 3790 vs.
1531 3728 1569 3791 3:

449 3834 542 3897 «Non
561 3839 597 3897 tu
616 3856 713 3916 prece
733 3838 843 3920 poscis
868 3838 1005 3901 emaci».
1026 3876 1070 3882 —
1089 3837 1255 3904 Pulmone
1276 3843 1305 3904 et
1325 3840 1470 3906 lactibus
1498 3861 1567 3907 aa·

446 3948 516 4024 atie,
538 3954 612 4012 exta
631 3952 818 4014 hostiarum
838 3951 902 4015 diis
924 3952 1108 4016 sacrificata
1119 3976 1126 4029 ;
1149 3975 1225 4035 ergo
1245 3958 1315 4017 tam
1333 3956 1456 4019 vilibus
1468 3958 1567 4022 rebus
1632 3942 1634 3947 ’

445 4068 543 4145 putat
562 4086 680 4128 avarus
700 4066 779 4129 deos
800 4070 969 4149 corrumpi
997 4089 1105 4149 posse.
1125 4106 1170 4112 —-
1190 4068 1347 4151 lactibus,
1374 4072 1566 4153 Hungarioe

444 4175 617 4262 fedecbdj,
637 4179 835 4243 Gennenice
848 4180 913 4247 das
925 4180 1045 4264 lucter,
1058 4182 1121 4248 das
1138 4181 1283 4249 Gelcrdse
1292 4204 1306 4266 ;
1324 4186 1398 4249 vide
1419 4188 1565 4253 scholia:

447 4290 584 4358 «Laetae
602 4300 682 4358 sunt
698 4296 772 4358 loca
790 4298 827 4359 in
845 4298 1006 4361 lateribus
1026 4299 1087 4362 sub
1099 4299 1257 4363 umbilico
1270 4301 1357 4381 pube
1369 4305 1469 4365 tenus
1483 4302 1565 4367 adeo

441 4407 591 4482 delicate,
612 4414 649 4472 ut
668 4410 802 4490 plagam
821 4413 906 4475 ferre
930 4433 999 4476 non
1023 4416 1171 4495 possint»
1201 4420 1233 4477 et
1256 4415 1340 4480 Plin.
1368 4417 1404 4481 N.
1434 4418 1476 4482 H.
1507 4419 1562 4483 XI.
