3917 5475
1556 724 1778 767 sAmA
1809 723 1853 767 1.
1890 719 2138 767 76—78.
2893 703 2962 752 89

712 899 975 982 Quinti,
1005 904 1173 964 nota
1206 904 1308 962 est
1337 899 1634 962 narratio
1667 897 1749 960 de
1782 897 1854 961 L.
1884 897 2160 976 Quintio
2194 898 2610 965 Cincinnato,
2648 901 2773 968 cui,
2811 920 2962 962 cum

705 1037 947 1096 agrum
1010 1036 1211 1079 suum
1268 1018 1504 1086 araret,
1577 1013 1906 1075 dictatura
1969 1033 2008 1074 a
2067 1014 2317 1093 populo
2377 1013 2681 1077 Romano
2743 1015 2964 1077 delata

708 1136 831 1194 est.
874 1169 966 1175 —-
1008 1127 1183 1194 Cum
1242 1128 1509 1213 trepida
1556 1130 1713 1193 ante
1774 1128 1971 1193 boves
2029 1126 2431 1193 dictatorem
2493 1128 2714 1194 induit
2760 1148 2958 1204 ησσον,

707 1252 987 1309 auctore
1034 1246 1226 1308 Livio
1265 1245 1404 1323 (III.
1448 1246 1579 1317 26.)
1638 1247 2043 1325 rogaverunt
2097 1243 2570 1307 Cincinnatum
2625 1246 2846 1323 legati.
2890 1250 2965 1307 ut

699 1367 980 1442 togatus
1012 1360 1338 1424 mandata
1378 1365 1651 1423 senatus
1690 1358 1993 1434 audiret3
2035 1365 2178 1421 tum
2218 1359 2656 1422 Cincinnatus
2703 1365 2964 1441 «togam

697 1496 996 1560 propere
1046 1498 1079 1539 e
1128 1476 1395 1557 tugurio
1452 1476 1749 1556 proferre
1806 1495 2078 1537 uxorem
2139 1475 2500 1537 Raciliam»
2565 1476 2732 1556 (ipsa
2789 1476 2961 1538 Livii

697 1593 934 1672 verba)
973 1593 1188 1656 iussit.
1231 1630 1320 1636 —
1358 1589 1641 1675 trepida,
1682 1592 2087 1654 festinanter
2124 1595 2241 1653 aut
2271 1609 2581 1674 propere,
2623 1597 2696 1654 ut
2734 1592 2963 1653 Livius

697 1710 875 1772 dicit
911 1710 953 1772 1.
995 1710 1037 1772 1.
1082 1708 1175 1773 Cf.
1217 1708 1408 1789 Verg.
1452 1708 1615 1771 Aen.
1675 1707 1816 1771 VIL
1862 1707 2031 1770 638:
2099 1706 2262 1768 «Hic
2302 1708 2560 1787 galeam
2602 1708 2793 1769 tectis
2833 1711 2961 1768 tre-

698 1825 910 1906 pidus
951 1825 1189 1906 rapit».
1232 1863 1320 1870 —-
1357 1824 1757 1890 dictatorern
1814 1821 2064 1901 induit,
2122 1827 2205 1892 te,
2267 1823 2379 1904 qui
2429 1821 2712 1884 dictator
2750 1824 2964 1884 factus

701 1961 799 2005 es.
844 1939 1071 2002 induit
1108 1945 1281 2021 toga.
1322 1978 1409 1984 —
1449 1944 1509 2005 et
1548 1945 1668 2005 tua
1709 1940 1948 2004 aratra
1986 1936 2267 2002 domum
2310 1937 2504 2001 lictor
2545 1938 2720 2013 tulit,
2759 1938 2963 2000 dicta—

698 2064 816 2118 tor
852 2058 1070 2118 factus
1102 2060 1376 2137 propter
1399 2058 1721 2120 honorem
1758 2055 1884 2118 sibi
1910 2055 2202 2118 delatum
2241 2074 2378 2116 non
2411 2056 2648 2133 potuit.
2694 2057 2768 2115 ut
2798 2055 2965 2115 alias

702 2172 931 2233 facere
973 2171 1246 2239 solebat.
1291 2176 1581 2234 aratrum
1624 2174 1770 2252 ipse
1810 2170 2087 2233 domum
2123 2172 2314 2232 ferre.
2357 2208 2445 2213 ——
2485 2168 2694 2253 Euye,
2720 2168 2966 2252 poeta!

704 2287 983 2349 Persius
1021 2287 1275 2349 ironice
1315 2289 1639 2350 acclamat
1675 2292 1887 2368 poetae
1928 2288 2199 2366 inepto:
2240 2304 2426 2368 euge,
2467 2285 2546 2347 de
2587 2306 2717 2366 qua
2756 2286 2964 2347 accla-

704 2402 1011 2464 matione
1053 2401 1203 2464 vide
1244 2402 1751 2465 adnotationem
1810 2422 2012 2482 supra
2069 2401 2151 2463 ad
2200 2422 2292 2463 vs,
2336 2402 2481 2475 49.;
2524 2402 2602 2463 cf.
2647 2403 2849 2463 etiam
2889 2401 2960 2464 V.

718 2519 841 2580 167
874 2541 888 2579 :
939 2516 1160 2596 «Euge
1199 2538 1428 2599 puer».
2287 2581 2293 2589 ,

817 2631 1032 2696 Pars
1073 2633 1371 2711 quinta
1409 2639 1487 2711 (v,
1527 2634 1834 2709 ‘ic-82.)
1868 2631 2064 2712 Sunt,
2099 2631 2220 2715 qui
2258 2631 2776 2716 antiquissimos
2812 2652 2964 2716 poe-

710 2754 841 2827 ἰαε,
883 2747 1171 2814 Accium
1209 2747 1743 2834 Pacuviumquc‚
1794 2750 2139 2814 sectantur
2177 2767 2547 2832 eorumque
2587 2748 2960 2813 obsoletum

708 2864 986 2930 dicendi
1022 2885 1238 2951 qenus
1277 2865 1496 2950 inepte
1554 2866 1938 2931 imitantur.
1988 2864 2216 2943 Quare
2254 2884 2394 2929 non
2434 2869 2528 2928 cst
2563 2863 2965 2927 mirandum

708 2983 1158 3047 elocutionem
1190 2982 1534 3066 poeticam
1571 2982 1645 3045 in
1679 2979 1822 3046 dies
1861 2981 2082 3065 maqis
2111 2980 2468 3063 mayisque
2507 2978 2872 3061 corrumpi.

818 3099 893 3161 V.
941 3099 1223 3162 76—78.
1291 3097 1412 3162 Est
1470 3117 1651 3162 nunc
1710 3103 1828 3159 etc.
1873 3098 2077 3160 Poeta
2119 3117 2231 3159 eos
2280 3096 2508 3176 carpit.
2554 3095 2665 3176 qui
2707 3095 2962 3157 obsole-

710 3223 858 3277 tum
897 3214 1165 3277 dicendi
1204 3235 1416 3295 genus
1451 3216 1850 3295 scriptorum
1888 3214 2316 3295 antiquorum
2350 3213 2576 3291 inepte
2608 3209 2963 3273 imitaban-

712 3338 841 3393 tur.
886 3328 1049 3392 Cum
1096 3335 1321 3393 autem
1380 3351 1581 3411 supra
1621 3352 1777 3406 vsS„
1811 3331 2093 3393 69—-75.
2136 3330 2402 3409 ineptos
2444 3328 2783 3409 epicorum
2823 3347 2961 3388 car-

714 3448 978 3508 minum
1020 3448 1376 3526 scriptores
1415 3447 1755 3527 carpserit,
1805 3445 2067 3507 videtur
2106 3446 2228 3506 hoc
2268 3446 2411 3506 loco
2451 3447 2723 3522 tangere
2764 3442 2963 3522 tragi-

712 3584 843 3627 cos,
889 3563 1001 3643 qui
1039 3561 1235 3625 facile
1275 3566 1588 3642 poterant
1623 3561 1897 3623 Accium
1936 3561 2426 3640 Pacuviumque
2465 3558 2733 3620 imitari.
2775 3558 2964 3619 Anti-

714 3680 994 3761 quitatis
1036 3678 1473 3741 admiratores
1530 3677 1962 3758 reprehendit
2011 3678 2214 3739 etiam
2253 3676 2396 3737 Tac.
2439 3674 2610 3737 Dial.
2655 3673 2733 3735 de
2775 3692 2865 3734 or.
2911 3692 2962 3733 c.

715 3796 838 3857 23:
889 3794 1279 3856 «Neminem
1319 3793 1685 3855 nominabo
1726 3813 1935 3873 genus
1977 3792 2322 3854 hominum
2369 3787 2778 3870 significasse
2811 3808 2965 3849 con-

715 3914 982 3973 tentus:
1025 3909 1140 3971 sed
1180 3909 1366 3972 vobis
1406 3910 1637 3989 utique
1678 3911 2030 3970 versantur
2067 3911 2222 3968 ante
2263 3905 2488 3968 oculos
2528 3905 2645 3973 illi,
2690 3904 2803 3985 qui
2837 3903 2963 3964 1Ἇιιι1

716 4027 948 4088 cilium
986 4046 1107 4106 pro
1147 4025 1429 4089 Horatio
1473 4029 1538 4086 et
1595 4024 1978 4085 Lucretium
2037 4044 2157 4103 pro
2196 4022 2488 4101 Vergilio
2527 4022 2777 4100 legunt,
2823 4022 2927 4100 qui
2959 4058 2963 4062 -

719 4142 840 4204 bus
881 4142 1266 4221 eloquentia
1320 4140 1540 4204 Aufidi
1596 4140 1787 4202 Bassi
1829 4144 1894 4201 et
1934 4137 2196 4201 Servilii
2245 4137 2534 4199 Noniani
2587 4158 2662 4198 ex
2700 4156 2955 4214 compw

718 4257 978 4319 ratione
1019 4255 1319 4320 Sisennae
1360 4260 1477 4318 aut
1511 4256 1831 4318 Varronis
1866 4253 2150 4316 sordet».
2194 4253 2287 4316 Cf.
2332 4254 2533 4314 etiam
2575 4250 2801 4315 Senec.
2851 4250 2939 4326 1131·

733 4373 868 4440 114.
918 4374 1035 4436 13:
1086 4372 1320 4435 «Multi
1379 4394 1456 4435 ex
1513 4373 1734 4434 alieno
1793 4372 2016 4433 seculo
2075 4373 2316 4450 petunt
2354 4368 2570 4434 verba.
2615 4366 2955 4429 duodeci-im

721 4489 983 4552 tabulas
1022 4490 1407 4569 loquuntur.
1453 4486 1790 4550 Gracchus
1829 4485 1965 4547 illis
2008 4488 2073 4546 et
2111 4483 2386 4547 Crassus
2429 4488 2493 4544 et
2532 4482 2730 4545 Curio
2765 4482 2963 4542 nimi·-n
