<?xml version="1.0" encoding="UTF-8"?>
<!DOCTYPE html PUBLIC "-//W3C//DTD XHTML 1.0 Transitional//EN"
    "http://www.w3.org/TR/xhtml1/DTD/xhtml1-transitional.dtd">
<html xmlns="http://www.w3.org/1999/xhtml" xml:lang="en" lang="en">
 <head>
  <title>
</title>
<meta http-equiv="Content-Type" content="text/html;charset=utf-8" />
  <meta name='ocr-system' content='tesseract 3.04.00' />
  <meta name='ocr-capabilities' content='ocr_page ocr_carea ocr_par ocr_line ocrx_word'/>
</head>
<body>
  <div class='ocr_page' id='page_1' title='image "./satirae00persgoog_0266.png"; bbox 0 0 3917 5475; ppageno 0'>
   <div class='ocr_carea' id='block_1_1' title="bbox 469 665 1279 742">
    <p class='ocr_par' dir='ltr' id='par_1_1' title="bbox 469 665 1279 742">
     <span class='ocr_line' id='line_1_1' title="bbox 469 665 1279 742; baseline 0.009 -8"><span class='ocrx_word' id='word_1_1' title='bbox 469 665 521 728; x_wconf 66' lang='lat'>266</span> <span class='ocrx_word' id='word_1_2' title='bbox 784 697 894 740; x_wconf 75' lang='lat' dir='ltr'>sirim</span> <span class='ocrx_word' id='word_1_3' title='bbox 909 697 937 740; x_wconf 86' lang='lat' dir='ltr'>v.</span> <span class='ocrx_word' id='word_1_4' title='bbox 957 695 1081 742; x_wconf 77' lang='lat' dir='ltr'>ee—ss.</span> <span class='ocrx_word' id='word_1_5' title='bbox 1097 697 1141 739; x_wconf 80' lang='lat' dir='ltr'>nr</span> <span class='ocrx_word' id='word_1_6' title='bbox 1155 695 1279 742; x_wconf 86' lang='lat'><strong>85—87.</strong></span> 
     </span>
    </p>
   </div>
   <div class='ocr_carea' id='block_1_2' title="bbox 469 873 1596 2459">
    <p class='ocr_par' dir='ltr' id='par_1_2' title="bbox 469 873 1593 1068">
     <span class='ocr_line' id='line_1_2' title="bbox 469 873 1593 955; baseline 0.001 -19"><span class='ocrx_word' id='word_1_7' title='bbox 469 873 610 955; x_wconf 90' lang='lat' dir='ltr'>pilleum</span> <span class='ocrx_word' id='word_1_8' title='bbox 630 877 701 936; x_wconf 89' lang='lat' dir='ltr'>erat</span> <span class='ocrx_word' id='word_1_9' title='bbox 718 874 882 936; x_wconf 74' lang='lat' dir='ltr'>libertatis</span> <span class='ocrx_word' id='word_1_10' title='bbox 904 875 1046 954; x_wconf 87' lang='lat' dir='ltr'>signum,</span> <span class='ocrx_word' id='word_1_11' title='bbox 1068 873 1155 954; x_wconf 94' lang='lat' dir='ltr'>quod</span> <span class='ocrx_word' id='word_1_12' title='bbox 1180 875 1378 937; x_wconf 84' lang='lat' dir='ltr'><strong>manumissi</strong></span> <span class='ocrx_word' id='word_1_13' title='bbox 1407 874 1593 954; x_wconf 90' lang='lat' dir='ltr'>gestabant.</span> 
     </span>
     <span class='ocr_line' id='line_1_3' title="bbox 470 987 1357 1068; baseline 0.001 -16"><span class='ocrx_word' id='word_1_14' title='bbox 470 987 517 1052; x_wconf 82' lang='lat' dir='ltr'>Cf.</span> <span class='ocrx_word' id='word_1_15' title='bbox 539 988 792 1052; x_wconf 89' lang='lat' dir='ltr'>adnotationem</span> <span class='ocrx_word' id='word_1_16' title='bbox 812 988 854 1051; x_wconf 90' lang='lat' dir='ltr'>ad</span> <span class='ocrx_word' id='word_1_17' title='bbox 872 989 931 1052; x_wconf 89' lang='lat' dir='ltr'>Ill.</span> <span class='ocrx_word' id='word_1_18' title='bbox 956 989 1038 1053; x_wconf 82' lang='lat'>106:</span> <span class='ocrx_word' id='word_1_19' title='bbox 1063 989 1190 1068; x_wconf 87' lang='lat' dir='ltr'>«capite</span> <span class='ocrx_word' id='word_1_20' title='bbox 1208 988 1357 1053; x_wconf 85' lang='lat' dir='ltr'>induto».</span> 
     </span>
    </p>

    <p class='ocr_par' dir='ltr' id='par_1_3' title="bbox 470 1103 1596 2459">
     <span class='ocr_line' id='line_1_4' title="bbox 522 1103 1593 1186; baseline -0.001 -19"><span class='ocrx_word' id='word_1_21' title='bbox 522 1103 560 1167; x_wconf 83' lang='lat' dir='ltr'>V.</span> <span class='ocrx_word' id='word_1_22' title='bbox 582 1105 723 1167; x_wconf 84' lang='lat'>83—85.</span> <span class='ocrx_word' id='word_1_23' title='bbox 744 1103 1002 1186; x_wconf 67' lang='lat' dir='ltr'>necquicquam</span> <span class='ocrx_word' id='word_1_24' title='bbox 1023 1105 1069 1166; x_wconf 78' lang='lat' dir='ltr'>cet</span> <span class='ocrx_word' id='word_1_25' title='bbox 1090 1106 1160 1178; x_wconf 83' lang='lat' dir='ltr'>etc,</span> <span class='ocrx_word' id='word_1_26' title='bbox 1174 1103 1274 1166; x_wconf 77' lang='lat' dir='ltr'>verbe</span> <span class='ocrx_word' id='word_1_27' title='bbox 1286 1104 1398 1166; x_wconf 88' lang='lat' dir='ltr'>liberti</span> <span class='ocrx_word' id='word_1_28' title='bbox 1410 1103 1593 1177; x_wconf 88' lang='lat' dir='ltr'>cuiusdam,</span> 
     </span>
     <span class='ocr_line' id='line_1_5' title="bbox 471 1216 1594 1299; baseline 0 -20"><span class='ocrx_word' id='word_1_29' title='bbox 471 1218 528 1299; x_wconf 88' lang='lat' dir='ltr'>qui</span> <span class='ocrx_word' id='word_1_30' title='bbox 548 1238 582 1279; x_wconf 90' lang='lat' dir='ltr'>se</span> <span class='ocrx_word' id='word_1_31' title='bbox 600 1238 677 1280; x_wconf 86' lang='lat' dir='ltr'>vere</span> <span class='ocrx_word' id='word_1_32' title='bbox 697 1217 841 1280; x_wconf 89' lang='lat' dir='ltr'>liberum</span> <span class='ocrx_word' id='word_1_33' title='bbox 862 1238 934 1280; x_wconf 88' lang='lat' dir='ltr'>esse</span> <span class='ocrx_word' id='word_1_34' title='bbox 954 1220 1015 1298; x_wconf 93' lang='lat' dir='ltr'>put</span> <span class='ocrx_word' id='word_1_35' title='bbox 1037 1221 1060 1281; x_wconf 88' lang='lat' dir='ltr'>t.</span> <span class='ocrx_word' id='word_1_36' title='bbox 1080 1254 1126 1261; x_wconf 80' lang='lat'>—</span> <span class='ocrx_word' id='word_1_37' title='bbox 1151 1216 1273 1283; x_wconf 81' lang='lat' dir='ltr'>ducere</span> <span class='ocrx_word' id='word_1_38' title='bbox 1291 1218 1408 1291; x_wconf 70' lang='lat' dir='ltr'>vitatu,</span> <span class='ocrx_word' id='word_1_39' title='bbox 1430 1239 1527 1299; x_wconf 88' lang='lat' dir='ltr'>agere</span> <span class='ocrx_word' id='word_1_40' title='bbox 1546 1218 1594 1282; x_wconf 81' lang='lat' dir='ltr'>vi-</span> 
     </span>
     <span class='ocr_line' id='line_1_6' title="bbox 470 1331 1596 1410; baseline 0.003 -16"><span class='ocrx_word' id='word_1_41' title='bbox 470 1337 559 1410; x_wconf 74' lang='lat' dir='ltr'>tam,</span> <span class='ocrx_word' id='word_1_42' title='bbox 581 1332 696 1396; x_wconf 89' lang='lat' dir='ltr'>eadem</span> <span class='ocrx_word' id='word_1_43' title='bbox 719 1333 820 1394; x_wconf 78' lang='lat' dir='ltr'>verba</span> <span class='ocrx_word' id='word_1_44' title='bbox 838 1333 873 1394; x_wconf 93' lang='lat' dir='ltr'>in</span> <span class='ocrx_word' id='word_1_45' title='bbox 892 1331 959 1395; x_wconf 90' lang='lat' dir='ltr'>fine</span> <span class='ocrx_word' id='word_1_46' title='bbox 988 1334 1172 1397; x_wconf 74' lang='lat' dir='ltr'><strong>hexametri</strong></span> <span class='ocrx_word' id='word_1_47' title='bbox 1199 1335 1281 1398; x_wconf 90' lang='lat' dir='ltr'>Aen.</span> <span class='ocrx_word' id='word_1_48' title='bbox 1312 1334 1366 1398; x_wconf 83' lang='lat' dir='ltr'>IV.</span> <span class='ocrx_word' id='word_1_49' title='bbox 1399 1334 1596 1399; x_wconf 72' lang='lat'>340—341:</span> 
     </span>
     <span class='ocr_line' id='line_1_7' title="bbox 475 1446 1596 1532; baseline 0.005 -26"><span class='ocrx_word' id='word_1_50' title='bbox 475 1447 547 1511; x_wconf 87' lang='lat' dir='ltr'>«Me</span> <span class='ocrx_word' id='word_1_51' title='bbox 566 1449 593 1510; x_wconf 91' lang='lat' dir='ltr'>si</span> <span class='ocrx_word' id='word_1_52' title='bbox 610 1449 677 1510; x_wconf 86' lang='lat' dir='ltr'>fata</span> <span class='ocrx_word' id='word_1_53' title='bbox 696 1449 780 1511; x_wconf 87' lang='lat' dir='ltr'>meis</span> <span class='ocrx_word' id='word_1_54' title='bbox 796 1450 992 1529; x_wconf 89' lang='lat' dir='ltr'>paterentur</span> <span class='ocrx_word' id='word_1_55' title='bbox 1011 1449 1129 1512; x_wconf 88' lang='lat' dir='ltr'>ducere</span> <span class='ocrx_word' id='word_1_56' title='bbox 1144 1451 1248 1513; x_wconf 85' lang='lat' dir='ltr'>vitam</span> <span class='ocrx_word' id='word_1_57' title='bbox 1264 1451 1450 1532; x_wconf 86' lang='lat' dir='ltr'>Auspicis».</span> <span class='ocrx_word' id='word_1_58' title='bbox 1467 1487 1512 1495; x_wconf 82' lang='lat'>—</span> <span class='ocrx_word' id='word_1_59' title='bbox 1531 1446 1596 1514; x_wconf 74' lang='lat' dir='ltr'>Cot</span> 
     </span>
     <span class='ocr_line' id='line_1_8' title="bbox 473 1564 1594 1642; baseline -0.003 -11"><span class='ocrx_word' id='word_1_60' title='bbox 473 1567 557 1641; x_wconf 79' lang='lat' dir='ltr'>licet,</span> <span class='ocrx_word' id='word_1_61' title='bbox 578 1567 615 1629; x_wconf 81' lang='lat' dir='ltr'>ut</span> <span class='ocrx_word' id='word_1_62' title='bbox 634 1565 750 1640; x_wconf 70' lang='lat' dir='ltr'>ccliiii,</span> <span class='ocrx_word' id='word_1_63' title='bbox 774 1565 892 1628; x_wconf 79' lang='lat' dir='ltr'>alludit</span> <span class='ocrx_word' id='word_1_64' title='bbox 912 1566 953 1628; x_wconf 87' lang='lat' dir='ltr'>ad</span> <span class='ocrx_word' id='word_1_65' title='bbox 974 1564 1121 1630; x_wconf 79' lang='lat' dir='ltr'>Stoicam</span> <span class='ocrx_word' id='word_1_66' title='bbox 1148 1568 1313 1631; x_wconf 72' lang='lat' dir='ltr'>libertatis</span> <span class='ocrx_word' id='word_1_67' title='bbox 1341 1566 1594 1642; x_wconf 81' lang='lat' dir='ltr'>definitionem3</span> 
     </span>
     <span class='ocr_line' id='line_1_9' title="bbox 472 1679 1596 1764; baseline -0.003 -20"><span class='ocrx_word' id='word_1_68' title='bbox 472 1683 511 1744; x_wconf 85' lang='lat' dir='ltr'>cf.</span> <span class='ocrx_word' id='word_1_69' title='bbox 533 1679 597 1743; x_wconf 84' lang='lat' dir='ltr'>Cic.</span> <span class='ocrx_word' id='word_1_70' title='bbox 619 1679 734 1742; x_wconf 89' lang='lat' dir='ltr'>Parad.</span> <span class='ocrx_word' id='word_1_71' title='bbox 755 1679 792 1742; x_wconf 89' lang='lat' dir='ltr'>V.</span> <span class='ocrx_word' id='word_1_72' title='bbox 816 1681 843 1751; x_wconf 82' lang='lat'>1,</span> <span class='ocrx_word' id='word_1_73' title='bbox 869 1681 931 1744; x_wconf 72' lang='lat'>34:</span> <span class='ocrx_word' id='word_1_74' title='bbox 956 1682 1126 1746; x_wconf 79' lang='lat' dir='ltr'>«Libertas</span> <span class='ocrx_word' id='word_1_75' title='bbox 1151 1687 1201 1746; x_wconf 89' lang='lat' dir='ltr'>est</span> <span class='ocrx_word' id='word_1_76' title='bbox 1226 1687 1375 1764; x_wconf 84' lang='lat' dir='ltr'>potestas</span> <span class='ocrx_word' id='word_1_77' title='bbox 1393 1680 1536 1756; x_wconf 77' lang='lat' dir='ltr'>vivendi,</span> <span class='ocrx_word' id='word_1_78' title='bbox 1557 1684 1596 1742; x_wconf 93' lang='lat' dir='ltr'>ut</span> 
     </span>
     <span class='ocr_line' id='line_1_10' title="bbox 470 1793 1592 1882; baseline -0.003 -21"><span class='ocrx_word' id='word_1_79' title='bbox 470 1798 586 1875; x_wconf 58' lang='lat' dir='ltr'>veliem</span> <span class='ocrx_word' id='word_1_80' title='bbox 607 1796 713 1877; x_wconf 82' lang='lat' dir='ltr'>Epict.</span> <span class='ocrx_word' id='word_1_81' title='bbox 733 1795 787 1859; x_wconf 88' lang='lat' dir='ltr'>IV.</span> <span class='ocrx_word' id='word_1_82' title='bbox 813 1798 839 1870; x_wconf 87' lang='lat'>1,</span> <span class='ocrx_word' id='word_1_83' title='bbox 863 1797 899 1858; x_wconf 89' lang='lat'>1:</span> <span class='ocrx_word' id='word_1_84' title='bbox 928 1793 1114 1882; x_wconf 75' lang='grc' dir='ltr'>Ἐλεύθερός</span> <span class='ocrx_word' id='word_1_85' title='bbox 1145 1797 1225 1862; x_wconf 81' lang='grc' dir='ltr'>ἐστιν</span> <span class='ocrx_word' id='word_1_86' title='bbox 1246 1795 1262 1861; x_wconf 85' lang='grc' dir='ltr'>ὁ</span> <span class='ocrx_word' id='word_1_87' title='bbox 1282 1802 1339 1870; x_wconf 76' lang='grc' dir='ltr'>ζῶν</span> <span class='ocrx_word' id='word_1_88' title='bbox 1368 1795 1410 1869; x_wconf 82' lang='grc' dir='ltr'>ὡς</span> <span class='ocrx_word' id='word_1_89' title='bbox 1440 1798 1592 1880; x_wconf 81' lang='grc' dir='ltr'><strong>βούλεται.</strong></span> 
     </span>
     <span class='ocr_line' id='line_1_11' title="bbox 471 1911 1595 1996; baseline -0.001 -22"><span class='ocrx_word' id='word_1_90' title='bbox 471 1912 552 1975; x_wconf 87' lang='lat' dir='ltr'>Haec</span> <span class='ocrx_word' id='word_1_91' title='bbox 571 1911 720 1975; x_wconf 88' lang='lat' dir='ltr'>definitio</span> <span class='ocrx_word' id='word_1_92' title='bbox 741 1914 791 1975; x_wconf 89' lang='lat' dir='ltr'>est</span> <span class='ocrx_word' id='word_1_93' title='bbox 811 1914 873 1974; x_wconf 93' lang='lat' dir='ltr'>hoc</span> <span class='ocrx_word' id='word_1_94' title='bbox 892 1913 966 1976; x_wconf 91' lang='lat' dir='ltr'>loco</span> <span class='ocrx_word' id='word_1_95' title='bbox 984 1915 1171 1996; x_wconf 86' lang='lat' dir='ltr'>propositio</span> <span class='ocrx_word' id='word_1_96' title='bbox 1192 1915 1387 1995; x_wconf 85' lang='lat' dir='ltr'>syllogismi,</span> <span class='ocrx_word' id='word_1_97' title='bbox 1409 1933 1474 1995; x_wconf 89' lang='lat' dir='ltr'>quo</span> <span class='ocrx_word' id='word_1_98' title='bbox 1495 1912 1595 1976; x_wconf 91' lang='lat' dir='ltr'>liber-</span> 
     </span>
     <span class='ocr_line' id='line_1_12' title="bbox 470 2027 1595 2109; baseline -0.002 -19"><span class='ocrx_word' id='word_1_99' title='bbox 470 2032 526 2090; x_wconf 87' lang='lat' dir='ltr'>tus</span> <span class='ocrx_word' id='word_1_100' title='bbox 547 2048 581 2089; x_wconf 88' lang='lat' dir='ltr'>se</span> <span class='ocrx_word' id='word_1_101' title='bbox 600 2027 742 2090; x_wconf 89' lang='lat' dir='ltr'>liberum</span> <span class='ocrx_word' id='word_1_102' title='bbox 763 2047 835 2090; x_wconf 90' lang='lat' dir='ltr'>esse</span> <span class='ocrx_word' id='word_1_103' title='bbox 860 2027 1077 2093; x_wconf 89' lang='lat' dir='ltr'>demonstret.</span> <span class='ocrx_word' id='word_1_104' title='bbox 1097 2068 1142 2073; x_wconf 93' lang='lat'>—</span> <span class='ocrx_word' id='word_1_105' title='bbox 1160 2029 1278 2101; x_wconf 78' lang='lat' dir='ltr'>noluit,</span> <span class='ocrx_word' id='word_1_106' title='bbox 1299 2031 1495 2109; x_wconf 83' lang='lat' dir='ltr'>perfectum,</span> <span class='ocrx_word' id='word_1_107' title='bbox 1517 2027 1595 2107; x_wconf 86' lang='lat' dir='ltr'>quia</span> 
     </span>
     <span class='ocr_line' id='line_1_13' title="bbox 471 2141 1594 2222; baseline -0.003 -16"><span class='ocrx_word' id='word_1_108' title='bbox 471 2143 626 2206; x_wconf 81' lang='lat' dir='ltr'>voluntas</span> <span class='ocrx_word' id='word_1_109' title='bbox 646 2141 801 2222; x_wconf 77' lang='lat' dir='ltr'>praecedit</span> <span class='ocrx_word' id='word_1_110' title='bbox 826 2144 1002 2207; x_wconf 88' lang='lat' dir='ltr'>actionem.</span> <span class='ocrx_word' id='word_1_111' title='bbox 1022 2183 1067 2188; x_wconf 94' lang='lat'><strong>—</strong></span> <span class='ocrx_word' id='word_1_112' title='bbox 1085 2143 1188 2221; x_wconf 82' lang='lat' dir='ltr'>Licet,</span> <span class='ocrx_word' id='word_1_113' title='bbox 1218 2147 1256 2208; x_wconf 84' lang='lat' dir='ltr'>nt</span> <span class='ocrx_word' id='word_1_114' title='bbox 1286 2144 1370 2218; x_wconf 84' lang='lat' dir='ltr'>nolo,</span> <span class='ocrx_word' id='word_1_115' title='bbox 1400 2142 1520 2216; x_wconf 82' lang='lat' dir='ltr'>cinero,</span> <span class='ocrx_word' id='word_1_116' title='bbox 1543 2161 1594 2203; x_wconf 90' lang='lat' dir='ltr'>as-</span> 
     </span>
     <span class='ocr_line' id='line_1_14' title="bbox 474 2254 1596 2342; baseline -0.003 -21"><span class='ocrx_word' id='word_1_117' title='bbox 474 2258 619 2339; x_wconf 89' lang='lat' dir='ltr'>sumptio</span> <span class='ocrx_word' id='word_1_118' title='bbox 640 2258 707 2321; x_wconf 73' lang='lat' dir='ltr'>sit&#39;e</span> <span class='ocrx_word' id='word_1_119' title='bbox 725 2260 909 2340; x_wconf 88' lang='lat' dir='ltr'>propositio</span> <span class='ocrx_word' id='word_1_120' title='bbox 922 2261 1035 2323; x_wconf 91' lang='lat' dir='ltr'>minor</span> <span class='ocrx_word' id='word_1_121' title='bbox 1047 2262 1243 2342; x_wconf 84' lang='lat' dir='ltr'>syllogismi.</span> <span class='ocrx_word' id='word_1_122' title='bbox 1260 2297 1305 2304; x_wconf 81' lang='lat'>—</span> <span class='ocrx_word' id='word_1_123' title='bbox 1320 2277 1391 2323; x_wconf 86' lang='lat' dir='ltr'>non</span> <span class='ocrx_word' id='word_1_124' title='bbox 1404 2277 1483 2322; x_wconf 78' lang='lat' dir='ltr'>sum</span> <span class='ocrx_word' id='word_1_125' title='bbox 1494 2254 1596 2322; x_wconf 83' lang='lat' dir='ltr'>Libe-</span> 
     </span>
     <span class='ocr_line' id='line_1_15' title="bbox 471 2371 1596 2459; baseline -0.004 -22"><span class='ocrx_word' id='word_1_126' title='bbox 471 2373 545 2438; x_wconf 75' lang='lat' dir='ltr'>rior</span> <span class='ocrx_word' id='word_1_127' title='bbox 564 2371 672 2437; x_wconf 77' lang='lat' dir='ltr'>Bruto</span> <span class='ocrx_word' id='word_1_128' title='bbox 684 2371 705 2439; x_wconf 70' lang='lat' dir='ltr'>n</span> <span class='ocrx_word' id='word_1_129' title='bbox 721 2377 890 2438; x_wconf 80' lang='lat' dir='ltr'>conclusio</span> <span class='ocrx_word' id='word_1_130' title='bbox 921 2377 1113 2457; x_wconf 83' lang='lat' dir='ltr'>syllogismi,</span> <span class='ocrx_word' id='word_1_131' title='bbox 1135 2398 1207 2459; x_wconf 83' lang='lat' dir='ltr'>quoe</span> <span class='ocrx_word' id='word_1_132' title='bbox 1227 2376 1382 2439; x_wconf 93' lang='lat' dir='ltr'>hocloco</span> <span class='ocrx_word' id='word_1_133' title='bbox 1410 2375 1596 2452; x_wconf 89' lang='lat' dir='ltr'>interroga-</span> 
     </span>
    </p>
   </div>
   <div class='ocr_carea' id='block_1_3' title="bbox 472 2489 1719 2582">
    <p class='ocr_par' dir='ltr' id='par_1_4' title="bbox 472 2489 1719 2582">
     <span class='ocr_line' id='line_1_16' title="bbox 472 2489 1719 2582; baseline -0.002 -30"><span class='ocrx_word' id='word_1_134' title='bbox 472 2491 575 2553; x_wconf 89' lang='lat' dir='ltr'>tionis</span> <span class='ocrx_word' id='word_1_135' title='bbox 596 2492 737 2554; x_wconf 86' lang='lat' dir='ltr'>formam</span> <span class='ocrx_word' id='word_1_136' title='bbox 756 2492 865 2555; x_wconf 85' lang='lat' dir='ltr'>habet.</span> <span class='ocrx_word' id='word_1_137' title='bbox 886 2530 930 2536; x_wconf 72' lang='lat'>—</span> <span class='ocrx_word' id='word_1_138' title='bbox 949 2489 1071 2566; x_wconf 81' lang='lat' dir='ltr'>Brute,</span> <span class='ocrx_word' id='word_1_139' title='bbox 1092 2494 1149 2574; x_wconf 93' lang='lat' dir='ltr'>qui</span> <span class='ocrx_word' id='word_1_140' title='bbox 1168 2513 1262 2573; x_wconf 88' lang='lat' dir='ltr'>reges</span> <span class='ocrx_word' id='word_1_141' title='bbox 1293 2491 1418 2572; x_wconf 86' lang='lat' dir='ltr'>expulit</span> <span class='ocrx_word' id='word_1_142' title='bbox 1439 2492 1472 2550; x_wconf 91' lang='lat' dir='ltr'>et</span> <span class='ocrx_word' id='word_1_143' title='bbox 1489 2508 1597 2570; x_wconf 90' lang='lat' dir='ltr'>popu·</span> <span class='ocrx_word' id='word_1_144' title='bbox 1713 2569 1719 2582; x_wconf 29' lang='grc' dir='ltr'><strong>ι</strong></span> 
     </span>
    </p>
   </div>
   <div class='ocr_carea' id='block_1_4' title="bbox 472 2602 1597 2932">
    <p class='ocr_par' dir='ltr' id='par_1_5' title="bbox 472 2602 1597 2932">
     <span class='ocr_line' id='line_1_17' title="bbox 472 2602 1597 2685; baseline -0.003 -17"><span class='ocrx_word' id='word_1_145' title='bbox 472 2606 543 2669; x_wconf 90' lang='lat' dir='ltr'>lum</span> <span class='ocrx_word' id='word_1_146' title='bbox 562 2605 751 2670; x_wconf 84' lang='lat' dir='ltr'>Romanum</span> <span class='ocrx_word' id='word_1_147' title='bbox 771 2609 807 2670; x_wconf 93' lang='lat' dir='ltr'>in</span> <span class='ocrx_word' id='word_1_148' title='bbox 826 2607 1015 2671; x_wconf 88' lang='lat' dir='ltr'>libertatem</span> <span class='ocrx_word' id='word_1_149' title='bbox 1038 2608 1228 2671; x_wconf 85' lang='lat' dir='ltr'>vindicavit.</span> <span class='ocrx_word' id='word_1_150' title='bbox 1250 2606 1297 2670; x_wconf 82' lang='lat' dir='ltr'>Of.</span> <span class='ocrx_word' id='word_1_151' title='bbox 1317 2606 1413 2685; x_wconf 86' lang='lat' dir='ltr'>Verg.</span> <span class='ocrx_word' id='word_1_152' title='bbox 1434 2604 1516 2667; x_wconf 88' lang='lat' dir='ltr'>Aen.</span> <span class='ocrx_word' id='word_1_153' title='bbox 1540 2602 1597 2666; x_wconf 86' lang='lat' dir='ltr'>VI.</span> 
     </span>
     <span class='ocr_line' id='line_1_18' title="bbox 473 2723 670 2788; baseline 0.01 -2"><span class='ocrx_word' id='word_1_154' title='bbox 473 2723 670 2788; x_wconf 70' lang='lat' dir='ltr'>819—8a1:</span> 
     </span>
     <span class='ocr_line' id='line_1_19' title="bbox 575 2855 1442 2932; baseline -0.007 -17"><span class='ocrx_word' id='word_1_155' title='bbox 575 2855 717 2915; x_wconf 79' lang='lat' dir='ltr'>Consulis</span> <span class='ocrx_word' id='word_1_156' title='bbox 738 2859 904 2931; x_wconf 89' lang='lat' dir='ltr'>imperium</span> <span class='ocrx_word' id='word_1_157' title='bbox 928 2857 981 2914; x_wconf 89' lang='lat' dir='ltr'>hic</span> <span class='ocrx_word' id='word_1_158' title='bbox 1001 2858 1121 2932; x_wconf 88' lang='lat' dir='ltr'>primus</span> <span class='ocrx_word' id='word_1_159' title='bbox 1143 2872 1298 2931; x_wconf 79' lang='lat' dir='ltr'>saevasque</span> <span class='ocrx_word' id='word_1_160' title='bbox 1321 2871 1442 2912; x_wconf 84' lang='lat' dir='ltr'>secures</span> 
     </span>
    </p>
   </div>
   <div class='ocr_carea' id='block_1_5' title="bbox 574 2971 1376 3165">
    <p class='ocr_par' dir='ltr' id='par_1_6' title="bbox 574 2971 1376 3165">
     <span class='ocr_line' id='line_1_20' title="bbox 574 2971 1376 3049; baseline -0.006 -18"><span class='ocrx_word' id='word_1_161' title='bbox 574 2971 713 3048; x_wconf 83' lang='lat' dir='ltr'>Accipiet</span> <span class='ocrx_word' id='word_1_162' title='bbox 733 2975 883 3049; x_wconf 87' lang='lat' dir='ltr'>natosque</span> <span class='ocrx_word' id='word_1_163' title='bbox 903 2975 994 3048; x_wconf 85' lang='lat' dir='ltr'>pater</span> <span class='ocrx_word' id='word_1_164' title='bbox 1016 2991 1096 3030; x_wconf 86' lang='lat' dir='ltr'>nova</span> <span class='ocrx_word' id='word_1_165' title='bbox 1116 2973 1196 3032; x_wconf 86' lang='lat' dir='ltr'>bella</span> <span class='ocrx_word' id='word_1_166' title='bbox 1218 2973 1376 3029; x_wconf 86' lang='lat' dir='ltr'>moventes</span> 
     </span>
     <span class='ocr_line' id='line_1_21' title="bbox 574 3086 1318 3165; baseline -0.005 -17"><span class='ocrx_word' id='word_1_167' title='bbox 574 3090 622 3149; x_wconf 84' lang='lat' dir='ltr'>Ad</span> <span class='ocrx_word' id='word_1_168' title='bbox 642 3108 776 3165; x_wconf 87' lang='lat' dir='ltr'>poenam</span> <span class='ocrx_word' id='word_1_169' title='bbox 797 3089 925 3165; x_wconf 88' lang='lat' dir='ltr'>pulchra</span> <span class='ocrx_word' id='word_1_170' title='bbox 946 3108 1003 3164; x_wconf 92' lang='lat' dir='ltr'>pro</span> <span class='ocrx_word' id='word_1_171' title='bbox 1024 3087 1167 3147; x_wconf 86' lang='lat' dir='ltr'>libertate</span> <span class='ocrx_word' id='word_1_172' title='bbox 1187 3086 1318 3145; x_wconf 79' lang='lat' dir='ltr'>vocabit.</span> 
     </span>
    </p>
   </div>
   <div class='ocr_carea' id='block_1_6' title="bbox 498 3299 1599 3387">
    <p class='ocr_par' dir='ltr' id='par_1_7' title="bbox 498 3299 1599 3387">
     <span class='ocr_line' id='line_1_22' title="bbox 498 3299 1599 3387; baseline -0.006 -19"><span class='ocrx_word' id='word_1_173' title='bbox 498 3326 502 3336; x_wconf 74' lang='grc'><strong>“</strong></span> <span class='ocrx_word' id='word_1_174' title='bbox 526 3306 564 3370; x_wconf 88' lang='lat' dir='ltr'>V.</span> <span class='ocrx_word' id='word_1_175' title='bbox 585 3305 726 3368; x_wconf 80' lang='lat'>85-87.</span> <span class='ocrx_word' id='word_1_176' title='bbox 757 3299 914 3367; x_wconf 77' lang='lat' dir='ltr'>Meedose</span> <span class='ocrx_word' id='word_1_177' title='bbox 944 3301 1091 3387; x_wconf 68' lang='lat' dir='ltr'>colligit,</span> <span class='ocrx_word' id='word_1_178' title='bbox 1121 3301 1317 3364; x_wconf 88' lang='lat' dir='ltr'>mendosam</span> <span class='ocrx_word' id='word_1_179' title='bbox 1347 3301 1599 3364; x_wconf 85' lang='lat' dir='ltr'>conclusionem</span> 
     </span>
    </p>
   </div>
   <div class='ocr_carea' id='block_1_7' title="bbox 474 3415 1601 3723">
    <p class='ocr_par' dir='ltr' id='par_1_8' title="bbox 474 3415 1601 3723">
     <span class='ocr_line' id='line_1_23' title="bbox 474 3415 1598 3504; baseline -0.01 -18"><span class='ocrx_word' id='word_1_180' title='bbox 474 3423 728 3504; x_wconf 87' lang='lat' dir='ltr'>(syllogismum)</span> <span class='ocrx_word' id='word_1_181' title='bbox 748 3420 848 3494; x_wconf 82' lang='lat' dir='ltr'>facis;</span> <span class='ocrx_word' id='word_1_182' title='bbox 878 3416 1037 3503; x_wconf 71' lang='lat' dir='ltr'>colligere</span> <span class='ocrx_word' id='word_1_183' title='bbox 1066 3418 1156 3480; x_wconf 90' lang='lat' dir='ltr'>enim</span> <span class='ocrx_word' id='word_1_184' title='bbox 1185 3418 1247 3479; x_wconf 91' lang='lat' dir='ltr'>hoc</span> <span class='ocrx_word' id='word_1_185' title='bbox 1274 3419 1347 3480; x_wconf 94' lang='lat' dir='ltr'>loco</span> <span class='ocrx_word' id='word_1_186' title='bbox 1377 3417 1465 3479; x_wconf 88' lang='lat' dir='ltr'>idem</span> <span class='ocrx_word' id='word_1_187' title='bbox 1495 3415 1598 3495; x_wconf 89' lang='lat' dir='ltr'>signi-</span> 
     </span>
     <span class='ocr_line' id='line_1_24' title="bbox 474 3529 1601 3619; baseline -0.01 -18"><span class='ocrx_word' id='word_1_188' title='bbox 474 3539 558 3613; x_wconf 86' lang='lat' dir='ltr'>ficat,</span> <span class='ocrx_word' id='word_1_189' title='bbox 580 3537 668 3619; x_wconf 88' lang='lat' dir='ltr'>quod</span> <span class='ocrx_word' id='word_1_190' title='bbox 688 3536 799 3600; x_wconf 88' lang='lat' dir='ltr'>Graece</span> <span class='ocrx_word' id='word_1_191' title='bbox 820 3535 1066 3614; x_wconf 73' lang='grc' dir='ltr'>συλλογίζεσθαι.</span> <span class='ocrx_word' id='word_1_192' title='bbox 1088 3532 1135 3596; x_wconf 83' lang='lat' dir='ltr'>Cf.</span> <span class='ocrx_word' id='word_1_193' title='bbox 1157 3531 1271 3597; x_wconf 81' lang='lat' dir='ltr'>Senec.</span> <span class='ocrx_word' id='word_1_194' title='bbox 1284 3533 1346 3613; x_wconf 84' lang='lat' dir='ltr'>Ep.</span> <span class='ocrx_word' id='word_1_195' title='bbox 1364 3533 1416 3606; x_wconf 85' lang='lat'>83,</span> <span class='ocrx_word' id='word_1_196' title='bbox 1438 3534 1476 3594; x_wconf 75' lang='lat'>9:</span> <span class='ocrx_word' id='word_1_197' title='bbox 1501 3529 1601 3592; x_wconf 79' lang='lat' dir='ltr'>«Vult</span> 
     </span>
     <span class='ocr_line' id='line_1_25' title="bbox 474 3644 1598 3723; baseline -0.01 -6"><span class='ocrx_word' id='word_1_198' title='bbox 474 3675 536 3717; x_wconf 88' lang='lat' dir='ltr'>nos</span> <span class='ocrx_word' id='word_1_199' title='bbox 557 3654 597 3717; x_wconf 88' lang='lat' dir='ltr'>ab</span> <span class='ocrx_word' id='word_1_200' title='bbox 626 3653 785 3715; x_wconf 90' lang='lat' dir='ltr'>ebrietate</span> <span class='ocrx_word' id='word_1_201' title='bbox 813 3649 979 3712; x_wconf 88' lang='lat' dir='ltr'>deterrere</span> <span class='ocrx_word' id='word_1_202' title='bbox 1008 3648 1133 3723; x_wconf 87' lang='lat' dir='ltr'>Zenon,</span> <span class='ocrx_word' id='word_1_203' title='bbox 1162 3649 1214 3711; x_wconf 86' lang='lat' dir='ltr'>vir</span> <span class='ocrx_word' id='word_1_204' title='bbox 1241 3648 1479 3711; x_wconf 84' lang='lat' dir='ltr'>maximus...</span> <span class='ocrx_word' id='word_1_205' title='bbox 1510 3644 1598 3707; x_wconf 91' lang='lat' dir='ltr'>Audi</span> 
     </span>
    </p>
   </div>
   <div class='ocr_carea' id='block_1_8' title="bbox 475 3764 1601 4545">
    <p class='ocr_par' dir='ltr' id='par_1_9' title="bbox 475 3764 1601 4545">
     <span class='ocr_line' id='line_1_26' title="bbox 476 3764 1599 3852; baseline -0.013 -17"><span class='ocrx_word' id='word_1_206' title='bbox 476 3791 552 3852; x_wconf 89' lang='lat' dir='ltr'>ergo</span> <span class='ocrx_word' id='word_1_207' title='bbox 573 3766 865 3851; x_wconf 85' lang='lat' dir='ltr'>‚quomadmodum</span> <span class='ocrx_word' id='word_1_208' title='bbox 889 3764 1030 3849; x_wconf 70' lang='lat' dir='ltr'>colligat</span> <span class='ocrx_word' id='word_1_209' title='bbox 1058 3765 1166 3827; x_wconf 84' lang='lat' dir='ltr'>virum</span> <span class='ocrx_word' id='word_1_210' title='bbox 1195 3765 1321 3826; x_wconf 92' lang='lat' dir='ltr'>bonum</span> <span class='ocrx_word' id='word_1_211' title='bbox 1349 3782 1418 3825; x_wconf 93' lang='lat' dir='ltr'>non</span> <span class='ocrx_word' id='word_1_212' title='bbox 1448 3764 1599 3823; x_wconf 81' lang='lat' dir='ltr'>futurum</span> 
     </span>
     <span class='ocr_line' id='line_1_27' title="bbox 476 3876 1599 3951; baseline -0.012 -1"><span class='ocrx_word' id='word_1_213' title='bbox 476 3888 623 3951; x_wconf 91' lang='lat' dir='ltr'>ebrium:</span> <span class='ocrx_word' id='word_1_214' title='bbox 643 3883 742 3945; x_wconf 84' lang='lat' dir='ltr'>Ebrio</span> <span class='ocrx_word' id='word_1_215' title='bbox 773 3884 937 3945; x_wconf 90' lang='lat' dir='ltr'>secretum</span> <span class='ocrx_word' id='word_1_216' title='bbox 967 3900 1156 3942; x_wconf 89' lang='lat' dir='ltr'>sermonem</span> <span class='ocrx_word' id='word_1_217' title='bbox 1185 3901 1284 3942; x_wconf 91' lang='lat' dir='ltr'>nemo</span> <span class='ocrx_word' id='word_1_218' title='bbox 1314 3878 1501 3951; x_wconf 88' lang='lat' dir='ltr'>committit,</span> <span class='ocrx_word' id='word_1_219' title='bbox 1525 3876 1599 3938; x_wconf 85' lang='lat' dir='ltr'>viro</span> 
     </span>
     <span class='ocr_line' id='line_1_28' title="bbox 476 3993 1601 4076; baseline -0.015 -11"><span class='ocrx_word' id='word_1_220' title='bbox 476 4006 588 4067; x_wconf 87' lang='lat' dir='ltr'>autem</span> <span class='ocrx_word' id='word_1_221' title='bbox 607 4000 695 4062; x_wconf 93' lang='lat' dir='ltr'>bono</span> <span class='ocrx_word' id='word_1_222' title='bbox 716 3997 912 4071; x_wconf 89' lang='lat' dir='ltr'>committit;</span> <span class='ocrx_word' id='word_1_223' title='bbox 935 4016 1012 4076; x_wconf 91' lang='lat' dir='ltr'>ergo</span> <span class='ocrx_word' id='word_1_224' title='bbox 1031 3997 1081 4058; x_wconf 87' lang='lat' dir='ltr'>vir</span> <span class='ocrx_word' id='word_1_225' title='bbox 1100 3995 1208 4059; x_wconf 92' lang='lat' dir='ltr'>bonus</span> <span class='ocrx_word' id='word_1_226' title='bbox 1229 3996 1338 4059; x_wconf 87' lang='lat' dir='ltr'>ebrius</span> <span class='ocrx_word' id='word_1_227' title='bbox 1357 4015 1427 4057; x_wconf 93' lang='lat' dir='ltr'>non</span> <span class='ocrx_word' id='word_1_228' title='bbox 1447 3993 1538 4055; x_wconf 86' lang='lat' dir='ltr'>erit.»</span> <span class='ocrx_word' id='word_1_229' title='bbox 1554 4028 1601 4035; x_wconf 77' lang='lat'>—</span> 
     </span>
     <span class='ocr_line' id='line_1_29' title="bbox 476 4109 1599 4196; baseline -0.013 -15"><span class='ocrx_word' id='word_1_230' title='bbox 476 4116 621 4190; x_wconf 76' lang='lat' dir='ltr'>Stoicae,</span> <span class='ocrx_word' id='word_1_231' title='bbox 643 4117 743 4196; x_wconf 88' lang='lat' dir='ltr'>poeta</span> <span class='ocrx_word' id='word_1_232' title='bbox 762 4112 1003 4194; x_wconf 89' lang='lat' dir='ltr'>philosophum</span> <span class='ocrx_word' id='word_1_233' title='bbox 1033 4111 1182 4175; x_wconf 83' lang='lat' dir='ltr'>Stoicum</span> <span class='ocrx_word' id='word_1_234' title='bbox 1202 4111 1338 4184; x_wconf 89' lang='lat' dir='ltr'>inducit,</span> <span class='ocrx_word' id='word_1_235' title='bbox 1360 4109 1437 4191; x_wconf 91' lang='lat' dir='ltr'>quia</span> <span class='ocrx_word' id='word_1_236' title='bbox 1455 4111 1526 4169; x_wconf 87' lang='lat' dir='ltr'>tota</span> <span class='ocrx_word' id='word_1_237' title='bbox 1547 4125 1599 4167; x_wconf 87' lang='lat' dir='ltr'>sa-</span> 
     </span>
     <span class='ocr_line' id='line_1_30' title="bbox 475 4220 1599 4308; baseline -0.011 -13"><span class='ocrx_word' id='word_1_238' title='bbox 475 4234 540 4295; x_wconf 83' lang='lat' dir='ltr'>tire</span> <span class='ocrx_word' id='word_1_239' title='bbox 565 4230 752 4295; x_wconf 81' lang='lat' dir='ltr'>Stoicorum</span> <span class='ocrx_word' id='word_1_240' title='bbox 772 4229 811 4291; x_wconf 90' lang='lat' dir='ltr'>de</span> <span class='ocrx_word' id='word_1_241' title='bbox 832 4229 984 4291; x_wconf 76' lang='lat' dir='ltr'>libertate</span> <span class='ocrx_word' id='word_1_242' title='bbox 1016 4228 1202 4291; x_wconf 85' lang='lat' dir='ltr'>doctrinam</span> <span class='ocrx_word' id='word_1_243' title='bbox 1231 4228 1388 4308; x_wconf 89' lang='lat' dir='ltr'>sequitur.</span> <span class='ocrx_word' id='word_1_244' title='bbox 1408 4220 1535 4295; x_wconf 74' lang='lat' dir='ltr'>——bc‘n</span> <span class='ocrx_word' id='word_1_245' title='bbox 1557 4220 1599 4283; x_wconf 81' lang='lat' dir='ltr'>de</span> 
     </span>
     <span class='ocr_line' id='line_1_31' title="bbox 476 4340 1601 4428; baseline -0.01 -18"><span class='ocrx_word' id='word_1_246' title='bbox 476 4352 636 4428; x_wconf 87' lang='lat' dir='ltr'>tempore,</span> <span class='ocrx_word' id='word_1_247' title='bbox 657 4350 694 4409; x_wconf 92' lang='lat' dir='ltr'>ut</span> <span class='ocrx_word' id='word_1_248' title='bbox 712 4347 737 4409; x_wconf 91' lang='lat' dir='ltr'>l.</span> <span class='ocrx_word' id='word_1_249' title='bbox 760 4348 811 4409; x_wconf 64' lang='lat'>39.</span> <span class='ocrx_word' id='word_1_250' title='bbox 825 4383 869 4389; x_wconf 82' lang='lat'>—</span> <span class='ocrx_word' id='word_1_251' title='bbox 882 4364 1002 4409; x_wconf 74' lang='lat' dir='ltr'>ocrem</span> <span class='ocrx_word' id='word_1_252' title='bbox 1019 4343 1175 4409; x_wconf 77' lang='lat' dir='ltr'>mordaci</span> <span class='ocrx_word' id='word_1_253' title='bbox 1192 4344 1280 4408; x_wconf 81' lang='lat' dir='ltr'>lotus</span> <span class='ocrx_word' id='word_1_254' title='bbox 1300 4344 1403 4416; x_wconf 80' lang='lat' dir='ltr'>cocto,</span> <span class='ocrx_word' id='word_1_255' title='bbox 1425 4340 1482 4422; x_wconf 89' lang='lat' dir='ltr'>qui</span> <span class='ocrx_word' id='word_1_256' title='bbox 1501 4357 1601 4401; x_wconf 86' lang='lat' dir='ltr'>eures</span> 
     </span>
     <span class='ocr_line' id='line_1_32' title="bbox 477 4454 1601 4545; baseline -0.009 -19"><span class='ocrx_word' id='word_1_257' title='bbox 477 4466 570 4526; x_wconf 84' lang='lat' dir='ltr'>aceto</span> <span class='ocrx_word' id='word_1_258' title='bbox 599 4464 752 4545; x_wconf 77' lang='lat' dir='ltr'>purgavit</span> <span class='ocrx_word' id='word_1_259' title='bbox 777 4466 809 4525; x_wconf 94' lang='lat' dir='ltr'>et</span> <span class='ocrx_word' id='word_1_260' title='bbox 838 4462 912 4525; x_wconf 90' lang='lat' dir='ltr'>ideo</span> <span class='ocrx_word' id='word_1_261' title='bbox 941 4464 1036 4523; x_wconf 84' lang='lat' dir='ltr'>acute</span> <span class='ocrx_word' id='word_1_262' title='bbox 1065 4460 1177 4535; x_wconf 78' lang='lat' dir='ltr'>audit3</span> <span class='ocrx_word' id='word_1_263' title='bbox 1208 4479 1308 4521; x_wconf 89' lang='lat' dir='ltr'>sensu</span> <span class='ocrx_word' id='word_1_264' title='bbox 1336 4456 1517 4520; x_wconf 83' lang='lat' dir='ltr'>translato:</span> <span class='ocrx_word' id='word_1_265' title='bbox 1541 4454 1601 4535; x_wconf 90' lang='lat' dir='ltr'>qui</span> 
     </span>
    </p>
   </div>
   <div class='ocr_carea' id='block_1_9' title="bbox 0 0 1972 5475">
    <p class='ocr_par' dir='ltr' id='par_1_10' title="bbox 0 0 1972 5475">
     <span class='ocr_line' id='line_1_33' title="bbox 0 0 1972 5475; baseline 0 0"><span class='ocrx_word' id='word_1_266' title='bbox 0 0 1972 5475; x_wconf 95' lang='lat' dir='ltr'> </span> 
     </span>
    </p>
   </div>
  </div>
 </body>
</html>
