3917 5475
778 670 938 715 1111111111.
956 668 1080 714 31-*34
1441 647 1490 703 137

366 849 454 913 200:
478 848 544 910 «Ab
565 849 628 910 hoo
646 847 831 910 ventriculo
853 847 955 911 lactes
973 848 1011 910 in
1031 867 1090 911 ove
1112 850 1144 910 et
1163 849 1309 918 homine,
1330 869 1390 929 per
1409 868 1491 929 quas

366 963 492 1026 labitur
521 962 644 1027 oibus.»
675 1000 720 1006 -—
749 962 871 1036 unctis,
900 962 1092 1044 pinguibus.
1114 961 1161 1026 Cf.
1191 962 1244 1026 IV.
1278 963 1338 1026 17:
1372 969 1492 1026 runata

365 1079 487 1141 vixisse
503 1078 660 1158 patella».
678 1079 736 1142 HL
756 1079 838 1143 102:
860 1078 987 1142 «Unota
1002 1077 1126 1140 eadunt
1140 1078 1224 1141 laxis
1240 1083 1320 1140 tuno
1336 1078 1490 1159 pulmen-

366 1193 453 1256 taria
470 1192 606 1265 labris»,
626 1193 680 1257 VL
704 1195 761 1257 16:
786 1213 923 1256 «cenare
944 1194 1017 1256 sine
1036 1197 1170 1258 uncto».

420 1307 525 1372 Pars
550 1310 701 1387 quarta
724 1312 764 1387 (r.
787 1310 940 1387 31-40.)
959 1306 1109 1373 Notatur
1125 1309 1269 1374 stultitia
1291 1307 1488 1391 astutiaque

367 1424 454 1489 ovim
487 1428 548 1489 out
576 1428 769 1490 materterae
799 1425 1048 1508 superstitiosae
1080 1424 1165 1489 totio
1198 1422 1390 1508 infantibus
1423 1423 1491 1487 sibi

366 1539 457 1603 coms
468 1543 601 1622 petunt,
617 1560 704 1625 quoe,
720 1540 752 1604 si
768 1560 788 1604 o
807 1538 873 1604 dite
891 1539 1066 1605 dormitur.
1088 1537 1360 1622 haudquaquam
1380 1542 1492 1603 esseut

366 1656 410 1720 iis
428 1655 544 1720 satuti.

420 1773 457 1836 V.
484 1772 625 1835 31---3a
646 1769 730 1836 Eooe
750 1771 831 1835 avia
849 1774 912 1834 out
929 1773 1084 1835 metueus
1101 1768 1219 1834 cliuum
1231 1772 1416 1835 matertera
1435 1789 1491 1833 ou·

365 1890 423 1954 uis
443 1886 580 1952 Emeruit
600 1906 758 1970 pumera,
778 1887 853 1949 avia
872 1891 905 1948 et
923 1890 1105 1949 matertera
1131 1875 1259 1964 (matris
1288 1889 1393 1964 soror)
1412 1891 1491 1949 sunt

366 2008 430 2068 hoo
448 2005 521 2067 looo
543 2003 694 2083 exempla
713 2002 961 2083 superstitionis
982 2002 1091 2065 anilis.
1112 2039 1156 2045 —
1175 1999 1269 2080 ane,
1288 2005 1326 2064 ut
1345 2021 1446 2082 supra
1465 2002 1489 2065 I.

367 2124 429 2186 30:
453 2120 553 2182 «ane
573 2119 662 2181 inter
680 2118 801 2199 poeula
821 2121 973 2199 quaerunt
992 2116 1178 2180 Romulidae
1203 2118 1316 2184 saturi.
1338 2116 1417 2198 quid
1436 2117 1492 2180 dia

366 2241 524 2319 poemata
547 2238 714 2296 narrent.»
737 2271 782 2278 —
799 2237 954 2298 metuens
983 2230 1109 2310 divom,
1130 2231 1244 2296 =Graeoe
1273 2232 1471 2319 δεισιδαίμων
1483 2256 1490 2308 ;

365 2355 406 2414 of.
428 2350 485 2414 Ov.
506 2351 595 2412 Fast.
624 2349 678 2412 VI.
709 2350 906 2413 259-260:
940 2370 1023 2430 «quo
1052 2370 1121 2413 non
1149 2351 1354 2414 metuentius
1383 2350 1491 2414 ullum

366 2466 522 2531 Numinis
540 2466 715 2546 ingenium
734 2469 824 2527 terra
843 2463 966 2529 Sabina
995 2465 1101 2539 tulit»
1134 2464 1212 2528 Met.
1242 2465 1266 2528 L
1298 2466 1381 2529 323:
1415 2470 1491 2528 «aut

365 2583 427 2646 illa
445 2581 649 2644 metuentior
672 2580 742 2642 ulia
772 2578 942 2643 deorum».
972 2618 1018 2624 —
1046 2581 1259 2666 frontemque
1290 2584 1391 2664 atque
1419 2579 1491 2644 udo

368 2697 494 2764 tabella
512 2694 644 2781 [atomi
663 2694 770 2782 dtqito
796 2699 826 2760 et
856 2695 1059 2761 lustratibus
1089 2699 1168 2762 oute
1201 2695 1320 2761 sativis
1350 2694 1491 2781 Expiet,

368 2816 494 2880 femina
512 2816 658 2876 frontem
678 2817 711 2875 et
728 2812 818 2874 labia
834 2813 974 2875 infantis
999 2812 1102 2893 digito
1131 2811 1243 2875 medio
1272 2813 1376 2875 saliva
1402 2813 1490 2875 illito

365 2931 475 3013 tangit
494 2929 536 2993 ad
560 2928 845 2993 averruncandam
873 2929 1140 2992 fascinationem.
1169 2927 1216 2992 Cf.
1246 2927 1378 2992 Petron.
1408 2929 1489 2991 131:

371 3046 468 3110 «Mox
485 3045 657 3109 turbatum
673 3047 771 3125 sputo
791 3044 965 3126 pulverem
986 3065 1070 3107 anus
1090 3043 1200 3107 medio
1230 3044 1366 3107 sustulit
1384 3043 1489 3125 digito

365 3166 575 3242 frontemque
595 3160 814 3240 repugnantis
834 3160 973 3241 signat.»
990 3198 1035 3204 --
1045 3159 1260 3244 [teretemque
1278 3212 1288 3239 ,
1309 3164 1379 3222 erat
1399 3161 1489 3222 enim

366 3282 459 3353 frons
479 3276 586 3341 Genio
607 3275 767 3348 dedicata,
793 3280 830 3338 ut
861 3273 950 3339 Serv.
981 3275 1023 3338 ad
1050 3275 1145 3356 Verg.
1176 3273 1489 3338 1111111011-

367 3415 452 3457 mur.
472 3430 518 3437 —-
535 3391 607 3456 uda
625 3390 765 3472 labello,
783 3391 874 3453 labia
894 3391 1000 3454 salira
1027 3391 1208 3459 madentia,
1238 3390 1351 3472 qualia
1379 3392 1488 3453 infan-
1522 3464 1524 3467 ¹

365 3512 450 3573 tium
475 3529 546 3571 esse
567 3508 685 3570 solent.
706 3544 750 3550 —
768 3505 898 3592 [afrum
922 3504 1041 3591 dique,
1068 3506 1191 3587 digitus
1219 3504 1359 3580 medius,
1390 3526 1488 3587 quem

365 3624 462 3688 Mart.
482 3624 536 3687 VI.
558 3627 609 3698 70,
631 3624 661 3686 5.
684 3627 717 3685 11
736 3624 844 3703 Priap.
866 3624 962 3697 56,1.
981 3621 1195 3706 impudicum
1210 3626 1340 3696 vocant,
1364 3621 1488 3684 obseoe-

365 3761 446 3805 nam
465 3740 609 3802 habebat
628 3739 907 3819 significationem
933 3717 1022 3819 apud
1044 3742 1174 3802 veteres
1202 3741 1339 3818 propter
1370 3737 1487 3799 simili·
1515 3816 1517 3824 Ι

365 3856 517 3920 tudinem
536 3857 643 3936 penis.
665 3876 765 3937 quare
796 3856 942 3918 maxima
962 3859 1034 3917 erat
1053 3854 1257 3917 contumelia
1287 3853 1385 3915 alioui
1412 3872 1488 3914 oum

365 3971 561 4047 ostendere3
591 3972 630 4034 cf.
661 3972 769 4052 Priap.
800 3973 852 4046 56,
877 3972 913 4034 1:
938 3970 1094 4033 «Derides
1124 3989 1264 4051 quoque.
1285 3970 1347 4035 fur,
1369 3973 1402 4031 et
1426 3968 1488 4029 im-

365 4087 524 4170 pudicum
543 4086 700 4150 Ostendis
720 4087 862 4168 digitum
878 4087 963 4149 mihi
979 4087 1124 4148 minanti
1131 4109 1142 4142 a
1159 4108 1166 4161 3
1187 4085 1259 4147 Juv.
1278 4084 1317 4147 X.
1336 4083 1487 4146 52—53:

368 4224 461 4266 ooum
480 4203 637 4266 Fortunae
656 4204 729 4283 ipse
748 4203 874 4265 minaei
901 4201 1079 4264 Mandaret
1097 4201 1255 4282 laqueum
1274 4198 1487 4279 mediumque

364 4318 554 4383 ostenderet
573 4339 752 4399 unguem».
777 4317 928 4381 Eandem
957 4316 998 4379 ob
1028 4336 1163 4379 oausam
1194 4314 1318 4396 digitus
1346 4311 1485 4377 medius.

363 4440 401 4498 ut
418 4436 583 4498 fascinum
611 4435 733 4515 ipsum,
763 4434 861 4515 penis
886 4434 998 4512 imago
1027 4433 1158 4520 (φαλλὸς
1188 4430 1398 4506 Graeoorum).
1419 4428 1487 4489 vim
