<?xml version="1.0" encoding="UTF-8"?>
<!DOCTYPE html PUBLIC "-//W3C//DTD XHTML 1.0 Transitional//EN"
    "http://www.w3.org/TR/xhtml1/DTD/xhtml1-transitional.dtd">
<html xmlns="http://www.w3.org/1999/xhtml" xml:lang="en" lang="en">
 <head>
  <title>
</title>
<meta http-equiv="Content-Type" content="text/html;charset=utf-8" />
  <meta name='ocr-system' content='tesseract 3.04.00' />
  <meta name='ocr-capabilities' content='ocr_page ocr_carea ocr_par ocr_line ocrx_word'/>
</head>
<body>
  <div class='ocr_page' id='page_1' title='image "./satirae00persgoog_0216.png"; bbox 0 0 3917 5475; ppageno 0'>
   <div class='ocr_carea' id='block_1_1' title="bbox 434 634 1151 700">
    <p class='ocr_par' dir='ltr' id='par_1_1' title="bbox 434 634 1151 700">
     <span class='ocr_line' id='line_1_1' title="bbox 434 634 1151 700; baseline 0.022 -15"><span class='ocrx_word' id='word_1_1' title='bbox 434 634 485 686; x_wconf 77' lang='lat' dir='ltr'>alo</span> <span class='ocrx_word' id='word_1_2' title='bbox 839 655 949 699; x_wconf 73' lang='lat' dir='ltr'>SATIRA</span> <span class='ocrx_word' id='word_1_3' title='bbox 965 656 1007 700; x_wconf 80' lang='lat' dir='ltr'>IV.</span> <span class='ocrx_word' id='word_1_4' title='bbox 1028 653 1151 700; x_wconf 44' lang='lat' dir='ltr'><strong>17-v18.</strong></span> 
     </span>
    </p>
   </div>
   <div class='ocr_carea' id='block_1_2' title="bbox 433 829 1560 2767">
    <p class='ocr_par' dir='ltr' id='par_1_2' title="bbox 433 829 1558 1723">
     <span class='ocr_line' id='line_1_2' title="bbox 434 829 1558 915; baseline 0.002 -21"><span class='ocrx_word' id='word_1_5' title='bbox 434 833 532 896; x_wconf 89' lang='lat' dir='ltr'>batur</span> <span class='ocrx_word' id='word_1_6' title='bbox 560 831 743 895; x_wconf 79' lang='lat' dir='ltr'>elleborum</span> <span class='ocrx_word' id='word_1_7' title='bbox 754 854 763 907; x_wconf 81' lang='lat'><em>3</em></span> <span class='ocrx_word' id='word_1_8' title='bbox 789 833 827 894; x_wconf 90' lang='lat' dir='ltr'>ef.</span> <span class='ocrx_word' id='word_1_9' title='bbox 850 829 957 896; x_wconf 84' lang='lat' dir='ltr'>Streb.</span> <span class='ocrx_word' id='word_1_10' title='bbox 978 831 1034 896; x_wconf 70' lang='lat' dir='ltr'>In</span> <span class='ocrx_word' id='word_1_11' title='bbox 1055 853 1086 913; x_wconf 90' lang='lat' dir='ltr'>p.</span> <span class='ocrx_word' id='word_1_12' title='bbox 1109 834 1183 896; x_wconf 71' lang='lat'><strong>418.</strong></span> <span class='ocrx_word' id='word_1_13' title='bbox 1204 833 1243 897; x_wconf 88' lang='lat' dir='ltr'>D.</span> <span class='ocrx_word' id='word_1_14' title='bbox 1264 833 1426 914; x_wconf 71' lang='lat' dir='ltr'>Intellege</span> <span class='ocrx_word' id='word_1_15' title='bbox 1455 835 1558 915; x_wconf 86' lang='lat' dir='ltr'>igitur</span> 
     </span>
     <span class='ocr_line' id='line_1_3' title="bbox 433 942 1557 1032; baseline 0.004 -22"><span class='ocrx_word' id='word_1_16' title='bbox 433 942 639 1010; x_wconf 71' lang='lat' dir='ltr'>Alcibiadem</span> <span class='ocrx_word' id='word_1_17' title='bbox 660 968 698 1010; x_wconf 87' lang='lat' dir='ltr'>oo</span> <span class='ocrx_word' id='word_1_18' title='bbox 718 948 858 1010; x_wconf 84' lang='lat' dir='ltr'>insaniae</span> <span class='ocrx_word' id='word_1_19' title='bbox 879 967 950 1009; x_wconf 89' lang='lat' dir='ltr'>esse</span> <span class='ocrx_word' id='word_1_20' title='bbox 980 953 1183 1029; x_wconf 89' lang='lat' dir='ltr'>proveetum,</span> <span class='ocrx_word' id='word_1_21' title='bbox 1204 952 1242 1011; x_wconf 89' lang='lat' dir='ltr'>ut</span> <span class='ocrx_word' id='word_1_22' title='bbox 1260 971 1328 1012; x_wconf 83' lang='lat' dir='ltr'>une</span> <span class='ocrx_word' id='word_1_23' title='bbox 1347 951 1506 1032; x_wconf 82' lang='lat' dir='ltr'>Anticyra</span> <span class='ocrx_word' id='word_1_24' title='bbox 1526 954 1557 1014; x_wconf 90' lang='lat' dir='ltr'>ei</span> 
     </span>
     <span class='ocr_line' id='line_1_4' title="bbox 433 1061 1557 1147; baseline 0.003 -20"><span class='ocrx_word' id='word_1_25' title='bbox 433 1084 503 1127; x_wconf 92' lang='lat' dir='ltr'>non</span> <span class='ocrx_word' id='word_1_26' title='bbox 522 1062 674 1127; x_wconf 79' lang='lat' dir='ltr'>sufficiat.</span> <span class='ocrx_word' id='word_1_27' title='bbox 696 1062 743 1126; x_wconf 84' lang='lat' dir='ltr'>Cf.</span> <span class='ocrx_word' id='word_1_28' title='bbox 763 1062 844 1126; x_wconf 92' lang='lat' dir='ltr'>Hor.</span> <span class='ocrx_word' id='word_1_29' title='bbox 867 1061 932 1128; x_wconf 83' lang='lat' dir='ltr'>Sat.</span> <span class='ocrx_word' id='word_1_30' title='bbox 951 1064 992 1127; x_wconf 89' lang='grc' dir='ltr'>Π.</span> <span class='ocrx_word' id='word_1_31' title='bbox 1012 1064 1040 1139; x_wconf 86' lang='grc'>3,</span> <span class='ocrx_word' id='word_1_32' title='bbox 1059 1065 1120 1129; x_wconf 86' lang='lat'>83:</span> <span class='ocrx_word' id='word_1_33' title='bbox 1145 1065 1281 1128; x_wconf 75' lang='lat' dir='ltr'>«Nescio</span> <span class='ocrx_word' id='word_1_34' title='bbox 1301 1086 1344 1130; x_wconf 84' lang='lat' dir='ltr'>an</span> <span class='ocrx_word' id='word_1_35' title='bbox 1362 1066 1557 1147; x_wconf 78' lang='lat' dir='ltr'><strong>Anticyram</strong></span> 
     </span>
     <span class='ocr_line' id='line_1_5' title="bbox 435 1179 1557 1264; baseline 0.003 -22"><span class='ocrx_word' id='word_1_36' title='bbox 435 1181 518 1242; x_wconf 92' lang='lat' dir='ltr'>ratio</span> <span class='ocrx_word' id='word_1_37' title='bbox 538 1180 606 1242; x_wconf 91' lang='lat' dir='ltr'>illis</span> <span class='ocrx_word' id='word_1_38' title='bbox 626 1179 771 1242; x_wconf 90' lang='lat' dir='ltr'>destinet</span> <span class='ocrx_word' id='word_1_39' title='bbox 794 1199 947 1243; x_wconf 83' lang='lat' dir='ltr'>omnem»</span> <span class='ocrx_word' id='word_1_40' title='bbox 973 1182 1006 1242; x_wconf 88' lang='lat' dir='ltr'>et</span> <span class='ocrx_word' id='word_1_41' title='bbox 1024 1180 1061 1242; x_wconf 88' lang='lat' dir='ltr'>A.</span> <span class='ocrx_word' id='word_1_42' title='bbox 1082 1180 1116 1243; x_wconf 88' lang='lat' dir='ltr'>P.</span> <span class='ocrx_word' id='word_1_43' title='bbox 1138 1180 1222 1246; x_wconf 81' lang='lat'>300:</span> <span class='ocrx_word' id='word_1_44' title='bbox 1246 1181 1370 1255; x_wconf 85' lang='lat' dir='ltr'>«tribus</span> <span class='ocrx_word' id='word_1_45' title='bbox 1389 1183 1557 1264; x_wconf 79' lang='lat' dir='ltr'><strong>Anticyris</strong></span> 
     </span>
     <span class='ocr_line' id='line_1_6' title="bbox 435 1272 1557 1376; baseline 0.005 -20"><span class='ocrx_word' id='word_1_46' title='bbox 435 1298 535 1376; x_wconf 84' lang='lat' dir='ltr'>eaput</span> <span class='ocrx_word' id='word_1_47' title='bbox 568 1296 785 1360; x_wconf 77' lang='lat' dir='ltr'>insanabile.»</span> <span class='ocrx_word' id='word_1_48' title='bbox 819 1334 864 1340; x_wconf 87' lang='lat'>—-</span> <span class='ocrx_word' id='word_1_49' title='bbox 894 1314 1061 1370; x_wconf 73' lang='lat' dir='ltr'>meracae,</span> <span class='ocrx_word' id='word_1_50' title='bbox 1095 1295 1277 1358; x_wconf 87' lang='lat' dir='ltr'>elleborum</span> <span class='ocrx_word' id='word_1_51' title='bbox 1304 1272 1449 1372; x_wconf 84' lang='lat' dir='ltr'>merum,</span> <span class='ocrx_word' id='word_1_52' title='bbox 1488 1320 1557 1362; x_wconf 89' lang='lat' dir='ltr'>non</span> 
     </span>
     <span class='ocr_line' id='line_1_7' title="bbox 435 1410 1556 1494; baseline 0.004 -22"><span class='ocrx_word' id='word_1_53' title='bbox 435 1411 585 1484; x_wconf 86' lang='lat' dir='ltr'>mixtum,</span> <span class='ocrx_word' id='word_1_54' title='bbox 607 1411 685 1491; x_wconf 89' lang='lat' dir='ltr'>quie</span> <span class='ocrx_word' id='word_1_55' title='bbox 708 1411 786 1474; x_wconf 89' lang='lat' dir='ltr'>telis</span> <span class='ocrx_word' id='word_1_56' title='bbox 814 1411 948 1474; x_wconf 91' lang='lat' dir='ltr'>insania</span> <span class='ocrx_word' id='word_1_57' title='bbox 975 1410 1138 1473; x_wconf 86' lang='lat' dir='ltr'>validiora</span> <span class='ocrx_word' id='word_1_58' title='bbox 1166 1410 1411 1476; x_wconf 79' lang='lat' dir='ltr'>medicamenta</span> <span class='ocrx_word' id='word_1_59' title='bbox 1438 1415 1556 1494; x_wconf 83' lang='lat' dir='ltr'>poscit.</span> 
     </span>
     <span class='ocr_line' id='line_1_8' title="bbox 435 1524 1557 1607; baseline 0.004 -20"><span class='ocrx_word' id='word_1_60' title='bbox 435 1525 482 1589; x_wconf 83' lang='lat' dir='ltr'>Cf.</span> <span class='ocrx_word' id='word_1_61' title='bbox 503 1524 584 1588; x_wconf 91' lang='lat' dir='ltr'>Hor.</span> <span class='ocrx_word' id='word_1_62' title='bbox 605 1526 665 1607; x_wconf 87' lang='lat' dir='ltr'>Ep.</span> <span class='ocrx_word' id='word_1_63' title='bbox 686 1526 728 1589; x_wconf 92' lang='grc' dir='ltr'>Π.</span> <span class='ocrx_word' id='word_1_64' title='bbox 751 1528 779 1598; x_wconf 64' lang='lat' dir='ltr'>l,</span> <span class='ocrx_word' id='word_1_65' title='bbox 814 1527 895 1589; x_wconf 86' lang='lat'><strong>137:</strong></span> <span class='ocrx_word' id='word_1_66' title='bbox 921 1526 1074 1606; x_wconf 78' lang='lat' dir='ltr'>«anulit</span> <span class='ocrx_word' id='word_1_67' title='bbox 1095 1525 1239 1588; x_wconf 86' lang='lat' dir='ltr'>elleboro</span> <span class='ocrx_word' id='word_1_68' title='bbox 1267 1527 1421 1590; x_wconf 88' lang='lat' dir='ltr'>morbum</span> <span class='ocrx_word' id='word_1_69' title='bbox 1440 1529 1557 1592; x_wconf 94' lang='lat' dir='ltr'>bilem-</span> 
     </span>
     <span class='ocr_line' id='line_1_9' title="bbox 435 1662 681 1723; baseline 0.008 -19"><span class='ocrx_word' id='word_1_70' title='bbox 435 1663 498 1723; x_wconf 81' lang='lat' dir='ltr'>que</span> <span class='ocrx_word' id='word_1_71' title='bbox 518 1662 681 1706; x_wconf 80' lang='lat' dir='ltr'>meraco».</span> 
     </span>
    </p>

    <p class='ocr_par' dir='ltr' id='par_1_3' title="bbox 433 1755 1560 2767">
     <span class='ocr_line' id='line_1_10' title="bbox 487 1755 1559 1841; baseline 0 -20"><span class='ocrx_word' id='word_1_72' title='bbox 487 1757 524 1822; x_wconf 86' lang='lat' dir='ltr'>V.</span> <span class='ocrx_word' id='word_1_73' title='bbox 550 1758 688 1823; x_wconf 74' lang='lat'>17-18,</span> <span class='ocrx_word' id='word_1_74' title='bbox 714 1755 797 1835; x_wconf 76' lang='lat' dir='ltr'>Once</span> <span class='ocrx_word' id='word_1_75' title='bbox 817 1758 880 1822; x_wconf 80' lang='lat' dir='ltr'>libi</span> <span class='ocrx_word' id='word_1_76' title='bbox 900 1778 1040 1822; x_wconf 67' lang='lat' dir='ltr'>suranna</span> <span class='ocrx_word' id='word_1_77' title='bbox 1071 1757 1151 1822; x_wconf 82' lang='lat' dir='ltr'>boni</span> <span class='ocrx_word' id='word_1_78' title='bbox 1179 1756 1257 1823; x_wconf 65' lang='lat' dir='ltr'>esi?l</span> <span class='ocrx_word' id='word_1_79' title='bbox 1287 1762 1367 1834; x_wconf 86' lang='lat' dir='ltr'>eto.;</span> <span class='ocrx_word' id='word_1_80' title='bbox 1400 1759 1479 1841; x_wconf 88' lang='lat' dir='ltr'>quid</span> <span class='ocrx_word' id='word_1_81' title='bbox 1508 1763 1559 1831; x_wconf 84' lang='lat' dir='ltr'>eet</span> 
     </span>
     <span class='ocr_line' id='line_1_11' title="bbox 436 1872 1558 1954; baseline 0.003 -20"><span class='ocrx_word' id='word_1_82' title='bbox 436 1872 497 1935; x_wconf 92' lang='lat' dir='ltr'>tibi</span> <span class='ocrx_word' id='word_1_83' title='bbox 518 1894 686 1938; x_wconf 90' lang='lat' dir='ltr'>summurn</span> <span class='ocrx_word' id='word_1_84' title='bbox 705 1874 857 1938; x_wconf 76' lang='lat' dir='ltr'>bonum?</span> <span class='ocrx_word' id='word_1_85' title='bbox 875 1874 949 1936; x_wconf 92' lang='lat' dir='ltr'>Non</span> <span class='ocrx_word' id='word_1_86' title='bbox 967 1875 1083 1945; x_wconf 77' lang='lat' dir='ltr'>virtue,</span> <span class='ocrx_word' id='word_1_87' title='bbox 1104 1878 1142 1936; x_wconf 89' lang='lat' dir='ltr'>ut</span> <span class='ocrx_word' id='word_1_88' title='bbox 1161 1875 1330 1954; x_wconf 87' lang='lat' dir='ltr'>sapientes</span> <span class='ocrx_word' id='word_1_89' title='bbox 1349 1874 1478 1949; x_wconf 88' lang='lat' dir='ltr'>dooent,</span> <span class='ocrx_word' id='word_1_90' title='bbox 1501 1876 1558 1938; x_wconf 91' lang='lat' dir='ltr'>sed</span> 
     </span>
     <span class='ocr_line' id='line_1_12' title="bbox 436 1973 1558 2071; baseline 0.004 -21"><span class='ocrx_word' id='word_1_91' title='bbox 436 1990 582 2071; x_wconf 85' lang='lat' dir='ltr'>eorporis</span> <span class='ocrx_word' id='word_1_92' title='bbox 601 1991 765 2070; x_wconf 87' lang='lat' dir='ltr'>voluptas.</span> <span class='ocrx_word' id='word_1_93' title='bbox 786 1973 830 2032; x_wconf 44' lang='lat'>—&#39;</span> <span class='ocrx_word' id='word_1_94' title='bbox 846 2008 984 2054; x_wconf 75' lang='lat' dir='ltr'>salernu</span> <span class='ocrx_word' id='word_1_95' title='bbox 999 1989 1086 2063; x_wconf 81' lang='lat' dir='ltr'>boni,</span> <span class='ocrx_word' id='word_1_96' title='bbox 1108 1992 1146 2051; x_wconf 89' lang='lat' dir='ltr'>ut</span> <span class='ocrx_word' id='word_1_97' title='bbox 1161 1989 1251 2071; x_wconf 90' lang='lat' dir='ltr'>apud</span> <span class='ocrx_word' id='word_1_98' title='bbox 1266 1989 1445 2053; x_wconf 75' lang='lat' dir='ltr'>Horatium</span> <span class='ocrx_word' id='word_1_99' title='bbox 1457 2011 1558 2055; x_wconf 78' lang='lat' dir='ltr'>sam-</span> 
     </span>
     <span class='ocr_line' id='line_1_13' title="bbox 439 2103 1558 2187; baseline 0.004 -20"><span class='ocrx_word' id='word_1_100' title='bbox 439 2123 533 2167; x_wconf 81' lang='lat' dir='ltr'>mum</span> <span class='ocrx_word' id='word_1_101' title='bbox 555 2104 642 2171; x_wconf 80' lang='lat' dir='ltr'>boni.</span> <span class='ocrx_word' id='word_1_102' title='bbox 664 2126 723 2187; x_wconf 91' lang='lat' dir='ltr'>pro</span> <span class='ocrx_word' id='word_1_103' title='bbox 739 2123 941 2169; x_wconf 77' lang='lat' dir='ltr'>:summum</span> <span class='ocrx_word' id='word_1_104' title='bbox 963 2104 1112 2184; x_wconf 57' lang='lat' dir='ltr'>bellunm</span> <span class='ocrx_word' id='word_1_105' title='bbox 1131 2106 1169 2167; x_wconf 87' lang='lat' dir='ltr'>of.</span> <span class='ocrx_word' id='word_1_106' title='bbox 1190 2105 1271 2168; x_wconf 89' lang='lat' dir='ltr'>Hor.</span> <span class='ocrx_word' id='word_1_107' title='bbox 1293 2103 1359 2170; x_wconf 82' lang='lat' dir='ltr'>Set.</span> <span class='ocrx_word' id='word_1_108' title='bbox 1380 2105 1423 2170; x_wconf 90' lang='grc' dir='ltr'>ΙΙ.</span> <span class='ocrx_word' id='word_1_109' title='bbox 1445 2109 1474 2180; x_wconf 87' lang='grc'>6,</span> <span class='ocrx_word' id='word_1_110' title='bbox 1496 2109 1558 2171; x_wconf 83' lang='lat'>76:</span> 
     </span>
     <span class='ocr_line' id='line_1_14' title="bbox 441 2219 1559 2302; baseline 0.006 -20"><span class='ocrx_word' id='word_1_111' title='bbox 441 2222 594 2300; x_wconf 72' lang='lat' dir='ltr'>«quaesit</span> <span class='ocrx_word' id='word_1_112' title='bbox 622 2225 743 2283; x_wconf 84' lang='lat' dir='ltr'>nature</span> <span class='ocrx_word' id='word_1_113' title='bbox 770 2222 849 2283; x_wconf 92' lang='lat' dir='ltr'>boni</span> <span class='ocrx_word' id='word_1_114' title='bbox 880 2241 1114 2302; x_wconf 89' lang='lat' dir='ltr'>summumque</span> <span class='ocrx_word' id='word_1_115' title='bbox 1143 2221 1222 2301; x_wconf 88' lang='lat' dir='ltr'>quid</span> <span class='ocrx_word' id='word_1_116' title='bbox 1252 2222 1355 2284; x_wconf 85' lang='lat' dir='ltr'>eius».</span> <span class='ocrx_word' id='word_1_117' title='bbox 1382 2259 1427 2264; x_wconf 90' lang='lat'>—-</span> <span class='ocrx_word' id='word_1_118' title='bbox 1451 2219 1559 2288; x_wconf 73' lang='lat' dir='ltr'>Uncto</span> 
     </span>
     <span class='ocr_line' id='line_1_15' title="bbox 433 2334 1560 2419; baseline 0.003 -21"><span class='ocrx_word' id='word_1_119' title='bbox 433 2334 563 2400; x_wconf 76' lang='lat' dir='ltr'>eiecisse</span> <span class='ocrx_word' id='word_1_120' title='bbox 595 2336 734 2419; x_wconf 77' lang='lat' dir='ltr'>patella,</span> <span class='ocrx_word' id='word_1_121' title='bbox 767 2337 849 2401; x_wconf 86' lang='lat' dir='ltr'>oibis</span> <span class='ocrx_word' id='word_1_122' title='bbox 880 2338 991 2399; x_wconf 86' lang='lat' dir='ltr'>unctis</span> <span class='ocrx_word' id='word_1_123' title='bbox 1021 2337 1143 2412; x_wconf 85' lang='lat' dir='ltr'>(lautis,</span> <span class='ocrx_word' id='word_1_124' title='bbox 1174 2336 1335 2411; x_wconf 80' lang='lat' dir='ltr'>delicatis,</span> <span class='ocrx_word' id='word_1_125' title='bbox 1367 2338 1560 2415; x_wconf 78' lang='lat' dir='ltr'>luxuriosis)</span> 
     </span>
     <span class='ocr_line' id='line_1_16' title="bbox 437 2452 1559 2534; baseline 0.005 -23"><span class='ocrx_word' id='word_1_126' title='bbox 437 2452 523 2525; x_wconf 91' lang='lat' dir='ltr'>frui;</span> <span class='ocrx_word' id='word_1_127' title='bbox 545 2453 583 2515; x_wconf 89' lang='lat' dir='ltr'>of.</span> <span class='ocrx_word' id='word_1_128' title='bbox 605 2452 663 2516; x_wconf 90' lang='grc' dir='ltr'>ΠΙ.</span> <span class='ocrx_word' id='word_1_129' title='bbox 697 2454 777 2518; x_wconf 73' lang='lat'>10⁶2:</span> <span class='ocrx_word' id='word_1_130' title='bbox 810 2454 936 2518; x_wconf 79' lang='lat' dir='ltr'>«Uncto</span> <span class='ocrx_word' id='word_1_131' title='bbox 966 2453 1089 2515; x_wconf 83' lang='lat' dir='ltr'>cadunt</span> <span class='ocrx_word' id='word_1_132' title='bbox 1115 2453 1200 2514; x_wconf 85' lang='lat' dir='ltr'>laxis</span> <span class='ocrx_word' id='word_1_133' title='bbox 1224 2457 1304 2515; x_wconf 88' lang='lat' dir='ltr'>tuno</span> <span class='ocrx_word' id='word_1_134' title='bbox 1334 2454 1559 2534; x_wconf 83' lang='lat' dir='ltr'>pulmentaria</span> 
     </span>
     <span class='ocr_line' id='line_1_17' title="bbox 436 2567 1557 2651; baseline 0.007 -22"><span class='ocrx_word' id='word_1_135' title='bbox 436 2567 568 2641; x_wconf 81' lang='lat' dir='ltr'>labris»,</span> <span class='ocrx_word' id='word_1_136' title='bbox 590 2568 643 2631; x_wconf 86' lang='lat' dir='ltr'>VI.</span> <span class='ocrx_word' id='word_1_137' title='bbox 668 2569 727 2631; x_wconf 72' lang='lat'>16:</span> <span class='ocrx_word' id='word_1_138' title='bbox 753 2589 889 2631; x_wconf 82' lang='lat' dir='ltr'>«uenere</span> <span class='ocrx_word' id='word_1_139' title='bbox 910 2569 983 2631; x_wconf 90' lang='lat' dir='ltr'>sine</span> <span class='ocrx_word' id='word_1_140' title='bbox 1012 2572 1146 2641; x_wconf 82' lang='lat' dir='ltr'>uncto»,</span> <span class='ocrx_word' id='word_1_141' title='bbox 1167 2568 1220 2632; x_wconf 87' lang='lat' dir='ltr'>VL</span> <span class='ocrx_word' id='word_1_142' title='bbox 1243 2568 1304 2632; x_wconf 80' lang='lat'>69:</span> <span class='ocrx_word' id='word_1_143' title='bbox 1329 2589 1444 2650; x_wconf 77' lang='lat' dir='ltr'>lunge.</span> <span class='ocrx_word' id='word_1_144' title='bbox 1465 2590 1557 2651; x_wconf 89' lang='lat' dir='ltr'>puer.</span> 
     </span>
     <span class='ocr_line' id='line_1_18' title="bbox 436 2683 1560 2767; baseline 0.002 -20"><span class='ocrx_word' id='word_1_145' title='bbox 436 2684 577 2747; x_wconf 80' lang='lat' dir='ltr'>saules.»</span> <span class='ocrx_word' id='word_1_146' title='bbox 601 2722 645 2728; x_wconf 79' lang='lat'>-</span> <span class='ocrx_word' id='word_1_147' title='bbox 664 2683 798 2759; x_wconf 69' lang='lat' dir='ltr'>alsisse,</span> <span class='ocrx_word' id='word_1_148' title='bbox 821 2685 879 2748; x_wconf 86' lang='lat' dir='ltr'>inf.</span> <span class='ocrx_word' id='word_1_149' title='bbox 901 2685 983 2766; x_wconf 82' lang='lat' dir='ltr'>perf.</span> <span class='ocrx_word' id='word_1_150' title='bbox 1004 2705 1065 2766; x_wconf 90' lang='lat' dir='ltr'>pro</span> <span class='ocrx_word' id='word_1_151' title='bbox 1093 2685 1153 2749; x_wconf 88' lang='lat' dir='ltr'>ini.</span> <span class='ocrx_word' id='word_1_152' title='bbox 1183 2705 1277 2767; x_wconf 86' lang='lat' dir='ltr'>praes.</span> <span class='ocrx_word' id='word_1_153' title='bbox 1303 2683 1350 2749; x_wconf 84' lang='lat' dir='ltr'>of.</span> <span class='ocrx_word' id='word_1_154' title='bbox 1372 2684 1560 2749; x_wconf 86' lang='lat' dir='ltr'>adnotatio-</span> 
     </span>
    </p>
   </div>
   <div class='ocr_carea' id='block_1_3' title="bbox 358 2798 1561 2998">
    <p class='ocr_par' dir='ltr' id='par_1_4' title="bbox 358 2798 1561 2998">
     <span class='ocr_line' id='line_1_19' title="bbox 358 2798 1561 2883; baseline 0.005 -22"><span class='ocrx_word' id='word_1_155' title='bbox 358 2848 361 2852; x_wconf 86' lang='lat'><strong>.</strong></span> <span class='ocrx_word' id='word_1_156' title='bbox 435 2821 512 2862; x_wconf 91' lang='lat' dir='ltr'>nem</span> <span class='ocrx_word' id='word_1_157' title='bbox 534 2801 618 2864; x_wconf 86' lang='lat' dir='ltr'>adl.</span> <span class='ocrx_word' id='word_1_158' title='bbox 640 2802 701 2865; x_wconf 66' lang='lat' dir='ltr'>aa:</span> <span class='ocrx_word' id='word_1_159' title='bbox 732 2822 786 2865; x_wconf 86' lang='lat' dir='ltr'>«os</span> <span class='ocrx_word' id='word_1_160' title='bbox 815 2802 933 2883; x_wconf 91' lang='lat' dir='ltr'>populi</span> <span class='ocrx_word' id='word_1_161' title='bbox 961 2802 1154 2864; x_wconf 86' lang='lat' dir='ltr'>meruisse.»</span> <span class='ocrx_word' id='word_1_162' title='bbox 1187 2839 1231 2844; x_wconf 88' lang='lat'>—</span> <span class='ocrx_word' id='word_1_163' title='bbox 1260 2798 1409 2865; x_wconf 80' lang='lat' dir='ltr'>adsiduo</span> <span class='ocrx_word' id='word_1_164' title='bbox 1437 2807 1561 2867; x_wconf 81' lang='lat' dir='ltr'>curalo</span> 
     </span>
     <span class='ocr_line' id='line_1_20' title="bbox 434 2915 1560 2998; baseline 0.004 -21"><span class='ocrx_word' id='word_1_165' title='bbox 434 2915 586 2981; x_wconf 72' lang='lat' dir='ltr'>‹ruticulo</span> <span class='ocrx_word' id='word_1_166' title='bbox 605 2918 682 2990; x_wconf 85' lang='lat' dir='ltr'>sole,</span> <span class='ocrx_word' id='word_1_167' title='bbox 703 2938 776 2981; x_wconf 89' lang='lat' dir='ltr'>mos</span> <span class='ocrx_word' id='word_1_168' title='bbox 797 2920 867 2979; x_wconf 82' lang='lat' dir='ltr'>erat</span> <span class='ocrx_word' id='word_1_169' title='bbox 887 2918 1111 2998; x_wconf 87' lang='lat' dir='ltr'>antiquorum,</span> <span class='ocrx_word' id='word_1_170' title='bbox 1125 2921 1163 2979; x_wconf 86' lang='lat' dir='ltr'>ut</span> <span class='ocrx_word' id='word_1_171' title='bbox 1175 2917 1211 2980; x_wconf 94' lang='lat' dir='ltr'>in</span> <span class='ocrx_word' id='word_1_172' title='bbox 1223 2917 1353 2980; x_wconf 86' lang='lat' dir='ltr'>balneis</span> <span class='ocrx_word' id='word_1_173' title='bbox 1374 2918 1447 2981; x_wconf 90' lang='lat' dir='ltr'>oleo</span> <span class='ocrx_word' id='word_1_174' title='bbox 1466 2920 1560 2981; x_wconf 86' lang='lat' dir='ltr'>uneti</span> 
     </span>
    </p>
   </div>
   <div class='ocr_carea' id='block_1_4' title="bbox 381 3032 1561 3686">
    <p class='ocr_par' dir='ltr' id='par_1_5' title="bbox 381 3032 1561 3686">
     <span class='ocr_line' id='line_1_21' title="bbox 435 3032 1560 3114; baseline 0.004 -20"><span class='ocrx_word' id='word_1_175' title='bbox 435 3035 471 3095; x_wconf 93' lang='lat' dir='ltr'>in</span> <span class='ocrx_word' id='word_1_176' title='bbox 492 3034 560 3095; x_wconf 92' lang='lat' dir='ltr'>sole</span> <span class='ocrx_word' id='word_1_177' title='bbox 592 3034 803 3097; x_wconf 87' lang='lat' dir='ltr'>ambularent</span> <span class='ocrx_word' id='word_1_178' title='bbox 827 3033 1020 3113; x_wconf 63' lang='lat' dir='ltr'>(amentio),</span> <span class='ocrx_word' id='word_1_179' title='bbox 1042 3032 1129 3114; x_wconf 90' lang='lat' dir='ltr'>quod</span> <span class='ocrx_word' id='word_1_180' title='bbox 1149 3034 1313 3113; x_wconf 89' lang='lat' dir='ltr'>putabant</span> <span class='ocrx_word' id='word_1_181' title='bbox 1337 3034 1379 3096; x_wconf 91' lang='lat' dir='ltr'>ad</span> <span class='ocrx_word' id='word_1_182' title='bbox 1398 3033 1560 3100; x_wconf 82' lang='lat' dir='ltr'>valetudi-</span> 
     </span>
     <span class='ocr_line' id='line_1_22' title="bbox 381 3147 1560 3230; baseline -0.001 -20"><span class='ocrx_word' id='word_1_183' title='bbox 381 3214 382 3217; x_wconf 51' lang='lat'>,</span> <span class='ocrx_word' id='word_1_184' title='bbox 436 3168 514 3211; x_wconf 92' lang='lat' dir='ltr'>nem</span> <span class='ocrx_word' id='word_1_185' title='bbox 533 3147 731 3211; x_wconf 89' lang='lat' dir='ltr'>firmandam</span> <span class='ocrx_word' id='word_1_186' title='bbox 750 3149 937 3230; x_wconf 88' lang='lat' dir='ltr'>pertinere;</span> <span class='ocrx_word' id='word_1_187' title='bbox 969 3147 1026 3211; x_wconf 89' lang='lat' dir='ltr'>sed</span> <span class='ocrx_word' id='word_1_188' title='bbox 1046 3149 1109 3210; x_wconf 90' lang='lat' dir='ltr'>hoo</span> <span class='ocrx_word' id='word_1_189' title='bbox 1138 3149 1270 3211; x_wconf 79' lang='lat' dir='ltr'>assidue</span> <span class='ocrx_word' id='word_1_190' title='bbox 1301 3148 1424 3230; x_wconf 91' lang='lat' dir='ltr'>diuque</span> <span class='ocrx_word' id='word_1_191' title='bbox 1453 3149 1560 3210; x_wconf 83' lang='lat' dir='ltr'>faeere</span> 
     </span>
     <span class='ocr_line' id='line_1_23' title="bbox 437 3262 1561 3346; baseline -0.002 -19"><span class='ocrx_word' id='word_1_192' title='bbox 437 3268 507 3327; x_wconf 88' lang='lat' dir='ltr'>erat</span> <span class='ocrx_word' id='word_1_193' title='bbox 526 3266 711 3328; x_wconf 89' lang='lat' dir='ltr'>otiosorum</span> <span class='ocrx_word' id='word_1_194' title='bbox 731 3268 763 3327; x_wconf 88' lang='lat' dir='ltr'>et</span> <span class='ocrx_word' id='word_1_195' title='bbox 782 3266 962 3346; x_wconf 85' lang='lat' dir='ltr'>pigrorum.</span> <span class='ocrx_word' id='word_1_196' title='bbox 985 3262 1032 3327; x_wconf 81' lang='lat' dir='ltr'>of.</span> <span class='ocrx_word' id='word_1_197' title='bbox 1053 3265 1141 3326; x_wconf 89' lang='lat' dir='ltr'>infra</span> <span class='ocrx_word' id='word_1_198' title='bbox 1157 3284 1204 3327; x_wconf 87' lang='lat' dir='ltr'>vs.</span> <span class='ocrx_word' id='word_1_199' title='bbox 1227 3266 1286 3327; x_wconf 78' lang='lat'>33:</span> <span class='ocrx_word' id='word_1_200' title='bbox 1312 3268 1372 3327; x_wconf 89' lang='lat' dir='ltr'>«At</span> <span class='ocrx_word' id='word_1_201' title='bbox 1392 3266 1419 3327; x_wconf 89' lang='lat' dir='ltr'>si</span> <span class='ocrx_word' id='word_1_202' title='bbox 1439 3267 1561 3326; x_wconf 83' lang='lat' dir='ltr'>unctus</span> 
     </span>
     <span class='ocr_line' id='line_1_24' title="bbox 437 3379 1561 3462; baseline -0.001 -21"><span class='ocrx_word' id='word_1_203' title='bbox 437 3401 545 3443; x_wconf 81' lang='lat' dir='ltr'>sesses</span> <span class='ocrx_word' id='word_1_204' title='bbox 571 3384 603 3443; x_wconf 85' lang='lat' dir='ltr'>et</span> <span class='ocrx_word' id='word_1_205' title='bbox 621 3380 703 3461; x_wconf 85' lang='lat' dir='ltr'>figas</span> <span class='ocrx_word' id='word_1_206' title='bbox 731 3382 768 3442; x_wconf 91' lang='lat' dir='ltr'>in</span> <span class='ocrx_word' id='word_1_207' title='bbox 797 3384 871 3443; x_wconf 87' lang='lat' dir='ltr'>oute</span> <span class='ocrx_word' id='word_1_208' title='bbox 900 3381 1047 3455; x_wconf 84' lang='lat' dir='ltr'>solem»;</span> <span class='ocrx_word' id='word_1_209' title='bbox 1077 3380 1161 3443; x_wconf 93' lang='lat' dir='ltr'>Plin.</span> <span class='ocrx_word' id='word_1_210' title='bbox 1183 3381 1243 3462; x_wconf 83' lang='lat' dir='ltr'>Ep.</span> <span class='ocrx_word' id='word_1_211' title='bbox 1273 3381 1331 3444; x_wconf 90' lang='lat' dir='ltr'>HI.</span> <span class='ocrx_word' id='word_1_212' title='bbox 1367 3381 1392 3447; x_wconf 83' lang='lat'>1.</span> <span class='ocrx_word' id='word_1_213' title='bbox 1415 3382 1454 3443; x_wconf 86' lang='lat'>8:</span> <span class='ocrx_word' id='word_1_214' title='bbox 1479 3379 1561 3443; x_wconf 88' lang='lat' dir='ltr'>«Ubi</span> 
     </span>
     <span class='ocr_line' id='line_1_25' title="bbox 436 3495 1560 3571; baseline -0.002 -13"><span class='ocrx_word' id='word_1_215' title='bbox 436 3497 518 3558; x_wconf 90' lang='lat' dir='ltr'>hora</span> <span class='ocrx_word' id='word_1_216' title='bbox 537 3497 662 3559; x_wconf 88' lang='lat' dir='ltr'>balinei</span> <span class='ocrx_word' id='word_1_217' title='bbox 686 3497 841 3559; x_wconf 89' lang='lat' dir='ltr'>nuntiata</span> <span class='ocrx_word' id='word_1_218' title='bbox 862 3499 912 3558; x_wconf 90' lang='lat' dir='ltr'>est</span> <span class='ocrx_word' id='word_1_219' title='bbox 928 3544 935 3559; x_wconf 90' lang='lat'><strong>.</strong></span> <span class='ocrx_word' id='word_1_220' title='bbox 954 3546 961 3559; x_wconf 96' lang='lat'><strong>.</strong></span> <span class='ocrx_word' id='word_1_221' title='bbox 980 3545 988 3558; x_wconf 96' lang='lat'><strong>.</strong></span> <span class='ocrx_word' id='word_1_222' title='bbox 1009 3496 1045 3557; x_wconf 92' lang='lat' dir='ltr'>in</span> <span class='ocrx_word' id='word_1_223' title='bbox 1066 3497 1144 3571; x_wconf 84' lang='lat' dir='ltr'>sole,</span> <span class='ocrx_word' id='word_1_224' title='bbox 1164 3498 1191 3558; x_wconf 94' lang='lat' dir='ltr'>si</span> <span class='ocrx_word' id='word_1_225' title='bbox 1209 3500 1299 3558; x_wconf 88' lang='lat' dir='ltr'>earet</span> <span class='ocrx_word' id='word_1_226' title='bbox 1314 3501 1424 3571; x_wconf 82' lang='lat' dir='ltr'>vento,</span> <span class='ocrx_word' id='word_1_227' title='bbox 1446 3495 1560 3568; x_wconf 82' lang='lat' dir='ltr'>ambu-</span> 
     </span>
     <span class='ocr_line' id='line_1_26' title="bbox 436 3609 1560 3686; baseline 0.001 -14"><span class='ocrx_word' id='word_1_228' title='bbox 436 3611 484 3675; x_wconf 85' lang='lat' dir='ltr'>lat</span> <span class='ocrx_word' id='word_1_229' title='bbox 503 3611 631 3673; x_wconf 77' lang='lat' dir='ltr'>nudus»</span> <span class='ocrx_word' id='word_1_230' title='bbox 639 3634 646 3686; x_wconf 92' lang='lat'>;</span> <span class='ocrx_word' id='word_1_231' title='bbox 667 3609 764 3673; x_wconf 88' lang='lat' dir='ltr'>Mart.</span> <span class='ocrx_word' id='word_1_232' title='bbox 786 3609 824 3673; x_wconf 85' lang='lat' dir='ltr'>X.</span> <span class='ocrx_word' id='word_1_233' title='bbox 854 3611 902 3685; x_wconf 60' lang='lat'>12,</span> <span class='ocrx_word' id='word_1_234' title='bbox 925 3612 966 3673; x_wconf 87' lang='lat'>7:</span> <span class='ocrx_word' id='word_1_235' title='bbox 992 3614 1098 3672; x_wconf 73' lang='lat' dir='ltr'>«totos</span> <span class='ocrx_word' id='word_1_236' title='bbox 1127 3610 1223 3673; x_wconf 88' lang='lat' dir='ltr'>avida</span> <span class='ocrx_word' id='word_1_237' title='bbox 1244 3615 1317 3673; x_wconf 84' lang='lat' dir='ltr'>oute</span> <span class='ocrx_word' id='word_1_238' title='bbox 1339 3611 1488 3673; x_wconf 77' lang='lat' dir='ltr'>combibe</span> <span class='ocrx_word' id='word_1_239' title='bbox 1509 3631 1560 3673; x_wconf 88' lang='lat' dir='ltr'>so·</span> 
     </span>
    </p>
   </div>
   <div class='ocr_carea' id='block_1_5' title="bbox 436 3726 904 3802">
    <p class='ocr_par' dir='ltr' id='par_1_6' title="bbox 436 3726 904 3802">
     <span class='ocr_line' id='line_1_27' title="bbox 436 3726 904 3802; baseline 0.002 -14"><span class='ocrx_word' id='word_1_240' title='bbox 436 3727 517 3802; x_wconf 60' lang='lat' dir='ltr'>lesu</span> <span class='ocrx_word' id='word_1_241' title='bbox 538 3727 610 3791; x_wconf 85' lang='lat' dir='ltr'>Juv.</span> <span class='ocrx_word' id='word_1_242' title='bbox 632 3726 687 3791; x_wconf 89' lang='lat' dir='ltr'>XI.</span> <span class='ocrx_word' id='word_1_243' title='bbox 710 3726 904 3790; x_wconf 42' lang='lat' dir='ltr'>abano&amp;</span> 
     </span>
    </p>
   </div>
   <div class='ocr_carea' id='block_1_6' title="bbox 557 3894 1488 4397">
    <p class='ocr_par' dir='ltr' id='par_1_7' title="bbox 557 3894 1488 4397">
     <span class='ocr_line' id='line_1_28' title="bbox 558 3894 1378 3955; baseline -0.004 -1"><span class='ocrx_word' id='word_1_244' title='bbox 558 3896 670 3955; x_wconf 89' lang='lat' dir='ltr'>Nostra</span> <span class='ocrx_word' id='word_1_245' title='bbox 690 3894 776 3952; x_wconf 84' lang='lat' dir='ltr'>bibat</span> <span class='ocrx_word' id='word_1_246' title='bbox 796 3913 926 3953; x_wconf 83' lang='lat' dir='ltr'>vernum</span> <span class='ocrx_word' id='word_1_247' title='bbox 949 3896 1109 3952; x_wconf 83' lang='lat' dir='ltr'>eontracta</span> <span class='ocrx_word' id='word_1_248' title='bbox 1130 3895 1262 3952; x_wconf 85' lang='lat' dir='ltr'>outieula</span> <span class='ocrx_word' id='word_1_249' title='bbox 1284 3895 1378 3952; x_wconf 89' lang='lat' dir='ltr'>solem</span> 
     </span>
     <span class='ocr_line' id='line_1_29' title="bbox 557 4000 1375 4077; baseline -0.001 -18"><span class='ocrx_word' id='word_1_250' title='bbox 557 4000 752 4077; x_wconf 85' lang='lat' dir='ltr'>Effugiatque</span> <span class='ocrx_word' id='word_1_251' title='bbox 774 4004 886 4075; x_wconf 84' lang='lat' dir='ltr'>togam.</span> <span class='ocrx_word' id='word_1_252' title='bbox 909 4002 977 4059; x_wconf 90' lang='lat' dir='ltr'>Iam</span> <span class='ocrx_word' id='word_1_253' title='bbox 1000 4019 1083 4059; x_wconf 87' lang='lat' dir='ltr'>nuno</span> <span class='ocrx_word' id='word_1_254' title='bbox 1104 4000 1138 4059; x_wconf 90' lang='lat' dir='ltr'>in</span> <span class='ocrx_word' id='word_1_255' title='bbox 1160 4001 1270 4060; x_wconf 90' lang='lat' dir='ltr'>balnea</span> <span class='ocrx_word' id='word_1_256' title='bbox 1291 4002 1375 4059; x_wconf 82' lang='lat' dir='ltr'>salva</span> 
     </span>
     <span class='ocr_line' id='line_1_30' title="bbox 558 4089 1488 4184; baseline -0.002 -19"><span class='ocrx_word' id='word_1_257' title='bbox 558 4108 675 4167; x_wconf 79' lang='lat' dir='ltr'>Fronte</span> <span class='ocrx_word' id='word_1_258' title='bbox 696 4110 768 4167; x_wconf 88' lang='lat' dir='ltr'>lieet</span> <span class='ocrx_word' id='word_1_259' title='bbox 789 4108 891 4179; x_wconf 83' lang='lat' dir='ltr'>vadas,</span> <span class='ocrx_word' id='word_1_260' title='bbox 915 4126 1103 4184; x_wconf 88' lang='lat' dir='ltr'>quamquam</span> <span class='ocrx_word' id='word_1_261' title='bbox 1125 4106 1223 4166; x_wconf 84' lang='lat' dir='ltr'>solida</span> <span class='ocrx_word' id='word_1_262' title='bbox 1244 4109 1321 4165; x_wconf 88' lang='lat' dir='ltr'>hora</span> <span class='ocrx_word' id='word_1_263' title='bbox 1342 4089 1488 4181; x_wconf 74' lang='lat' dir='ltr'>supersit¹</span> 
     </span>
     <span class='ocr_line' id='line_1_31' title="bbox 559 4212 1468 4289; baseline -0.001 -18"><span class='ocrx_word' id='word_1_264' title='bbox 559 4213 606 4272; x_wconf 80' lang='lat' dir='ltr'>Ad</span> <span class='ocrx_word' id='word_1_265' title='bbox 629 4217 754 4275; x_wconf 80' lang='lat' dir='ltr'>sextam.</span> <span class='ocrx_word' id='word_1_266' title='bbox 777 4216 890 4273; x_wconf 78' lang='lat' dir='ltr'>Facere</span> <span class='ocrx_word' id='word_1_267' title='bbox 912 4217 971 4273; x_wconf 89' lang='lat' dir='ltr'>hoo</span> <span class='ocrx_word' id='word_1_268' title='bbox 994 4235 1059 4273; x_wconf 90' lang='lat' dir='ltr'>non</span> <span class='ocrx_word' id='word_1_269' title='bbox 1081 4216 1181 4289; x_wconf 86' lang='lat' dir='ltr'>possis</span> <span class='ocrx_word' id='word_1_270' title='bbox 1204 4217 1339 4289; x_wconf 87' lang='lat' dir='ltr'>quinque</span> <span class='ocrx_word' id='word_1_271' title='bbox 1361 4212 1468 4271; x_wconf 86' lang='lat' dir='ltr'>diebus</span> 
     </span>
     <span class='ocr_line' id='line_1_32' title="bbox 560 4320 1360 4397; baseline -0.001 -18"><span class='ocrx_word' id='word_1_272' title='bbox 560 4320 731 4390; x_wconf 67' lang='lat' dir='ltr'>Continuis</span> <span class='ocrx_word' id='word_1_273' title='bbox 755 4322 826 4397; x_wconf 85' lang='lat' dir='ltr'>quia</span> <span class='ocrx_word' id='word_1_274' title='bbox 848 4325 920 4380; x_wconf 92' lang='lat' dir='ltr'>sunt</span> <span class='ocrx_word' id='word_1_275' title='bbox 941 4321 1012 4379; x_wconf 88' lang='lat' dir='ltr'>talis</span> <span class='ocrx_word' id='word_1_276' title='bbox 1036 4340 1156 4397; x_wconf 90' lang='lat' dir='ltr'>quoque</span> <span class='ocrx_word' id='word_1_277' title='bbox 1177 4321 1269 4379; x_wconf 83' lang='lat' dir='ltr'>taedia</span> <span class='ocrx_word' id='word_1_278' title='bbox 1289 4322 1360 4379; x_wconf 83' lang='lat' dir='ltr'>vitae</span> 
     </span>
    </p>
   </div>
   <div class='ocr_carea' id='block_1_7' title="bbox 560 4428 1327 4503">
    <p class='ocr_par' dir='ltr' id='par_1_8' title="bbox 560 4428 1327 4503">
     <span class='ocr_line' id='line_1_33' title="bbox 560 4428 1327 4503; baseline -0.004 -16"><span class='ocrx_word' id='word_1_279' title='bbox 560 4429 691 4501; x_wconf 84' lang='lat' dir='ltr'>Magna;</span> <span class='ocrx_word' id='word_1_280' title='bbox 715 4430 886 4503; x_wconf 79' lang='lat' dir='ltr'>voluptates</span> <span class='ocrx_word' id='word_1_281' title='bbox 909 4428 1105 4487; x_wconf 80' lang='lat' dir='ltr'>sommendat</span> <span class='ocrx_word' id='word_1_282' title='bbox 1126 4430 1227 4486; x_wconf 86' lang='lat' dir='ltr'>rarior</span> <span class='ocrx_word' id='word_1_283' title='bbox 1247 4447 1327 4485; x_wconf 87' lang='lat' dir='ltr'>usus.</span> 
     </span>
    </p>
   </div>
   <div class='ocr_carea' id='block_1_8' title="bbox 0 0 1969 5475">
    <p class='ocr_par' dir='ltr' id='par_1_9' title="bbox 0 0 1969 5475">
     <span class='ocr_line' id='line_1_34' title="bbox 0 0 1969 5475; baseline 0 0"><span class='ocrx_word' id='word_1_284' title='bbox 0 0 1969 5475; x_wconf 95' lang='lat' dir='ltr'> </span> 
     </span>
    </p>
   </div>
  </div>
 </body>
</html>
