3917 5475
859 682 967 725 sanai
983 682 1012 724 v.
1462 661 1495 713 3⁷

465 857 533 923 Cur
550 859 635 921 mihi
654 879 724 921 non
743 860 852 926 liceat.
873 859 971 921 iussit
991 857 1222 941 quodcumque
1241 860 1404 928 voluntas.

464 974 620 1057 Excepto.
643 975 670 1037 si
690 973 770 1056 quid
789 974 916 1037 Masuri
935 975 1066 1038 rubrica
1086 976 1209 1039 vetavit
1221 982 1253 1039 9»
1513 1002 1541 1039 so

509 1089 616 1164 Disce,
638 1089 696 1153 sed
714 1091 765 1153 ira
784 1090 879 1153 cadat
898 1111 981 1154 naso
1002 1112 1188 1173 rugosaque
1209 1112 1324 1157 sanna.

463 1204 554 1269 Dum
572 1209 701 1268 veteres
721 1206 812 1269 avias
831 1206 891 1268 tibi
912 1204 952 1268 de
971 1208 1132 1288 pulmone
1152 1207 1285 1270 revello,

466 1320 543 1384 Non
561 1322 713 1402 praetoris
733 1325 804 1385 erat
824 1321 936 1384 stultia
955 1320 1034 1384 dare
1053 1323 1166 1385 tenvia
1187 1342 1297 1385 rerum

466 1434 583 1500 Officia
602 1440 701 1517 atquc
720 1457 821 1499 usum
839 1435 962 1518 rapida
982 1437 1174 1518 permittere
1193 1438 1288 1502 vitae:

467 1549 667 1615 Sambucam
687 1552 786 1614 citius
806 1551 915 1614 caloni
936 1552 1103 1633 aptaveris
1123 1552 1200 1615 alto.
1513 1579 1542 1618 ar

468 1665 540 1731 Stat
559 1668 780 1750 contraratio
802 1672 834 1730 et
854 1671 1015 1730 secretam
1035 1653 1137 1748 garrit
1155 1668 1192 1729 in
1212 1688 1334 1734 aurem.

466 1783 515 1847 Ne
534 1784 632 1849 liceat
652 1786 759 1848 facere
778 1783 822 1858 id,
843 1783 932 1866 quod
948 1785 1022 1865 quis
1043 1785 1173 1848 vitiabit
1193 1784 1331 1866 agendo.

467 1900 604 1964 Publica
623 1902 676 1964 lex
694 1902 872 1965 hominum
890 1905 1077 1983 naturaque
1097 1903 1246 1965 continet
1266 1902 1328 1964 hcc
1349 1904 1407 1967 fas.

467 2018 512 2082 Ut
530 2020 644 2080 teneat
663 2018 784 2081 vet'tos
803 2018 937 2081 inscitia
956 2015 1075 2080 debilis
1096 2021 1197 2081 aetus.

467 2133 577 2197 Diluis
597 2134 789 2208 elleborum,
811 2137 900 2197 certo
921 2153 1131 2216 compescere
1151 2136 1274 2215 puncto
1500 2157 1542 2197 roo

467 2249 606 2313 Nescius
626 2255 789 2315 examen?
806 2249 905 2314 Vetat
924 2251 988 2314 boc
1007 2254 1128 2313 natura
1148 2248 1311 2313 medendi.

385 2412 390 2419 .
470 2365 596 2429 Navem
615 2367 644 2429 si
662 2370 779 2448 poscat
799 2366 863 2429 sibi
881 2368 1065 2448 peronatus
1086 2369 1198 2428 arator

469 2482 615 2544 Luciferi
635 2481 734 2556 rudis,
758 2484 918 2545 exclamet
936 2481 1109 2546 Melicerta
1128 2483 1254 2563 perisse

471 2596 629 2660 Frontem
649 2596 689 2660 de
710 2598 817 2661 rebus.
838 2598 910 2661 Tibi
930 2602 1019 2661 recto
1038 2598 1148 2661 vivere
1167 2599 1235 2662 talo

471 2715 533 2778 Ars
552 2712 667 2780 dedit?
684 2714 727 2778 Et
745 2715 832 2779 veris
852 2714 997 2797 speciem
1017 2713 1190 2778 dinoscere
1210 2714 1318 2782 calles.
1502 2739 1542 2778 105

472 2831 519 2893 Ne
539 2851 604 2912 qua
625 2830 789 2894 subaerato
810 2831 1011 2893 mendosum
1029 2830 1153 2893 tinniat
1173 2835 1278 2894 auro?

471 2946 614 3028 Quaeque
635 2946 805 3029 sequenda
824 2949 942 3021 forent,
965 2965 1103 3027 quaequc
1124 2945 1278 3009 evitanda
1298 2947 1453 3012 vicissim.

470 3063 531 3126 Illa
549 3064 643 3146 prius
663 3068 761 3136 creta,
783 3083 859 3126 mox
878 3064 948 3125 haec
967 3063 1110 3126 carbona
1129 3063 1278 3127 notasti?

470 3178 514 3242 Es
532 3177 683 3242 modicus
702 3179 780 3251 voti,
801 3178 1014 3259 praecolere,
1036 3176 1141 3240 dulcis
1161 3178 1301 3242 amicis?

471 3292 542 3356 Iam
560 3313 651 3356 nunc
671 3292 866 3374 adstringas,
888 3294 957 3357 iam
975 3313 1066 3356 nunc
1085 3294 1239 3374 granaria
1257 3295 1355 3360 laxes.
1502 3317 1543 3356 11⁰

471 3408 575 3490 Inque
595 3411 665 3472 luto
684 3408 787 3472 fixum
805 3410 914 3490 possis
933 3407 1184 3473 transscendere
1204 3429 1380 3472 nummum

472 3524 538 3588 Nec
557 3525 665 3606 gluttu
686 3525 820 3588 sorbere
841 3526 980 3588 salivam
999 3524 1257 3589 Mercurialem?

476 3641 572 3704 «Haec
592 3663 666 3706 mea
687 3646 773 3716 sunt,
795 3647 911 3704 teneo»
936 3662 1013 3704 cum
1031 3662 1107 3704 vere
1126 3640 1256 3714 dixeris,
1278 3645 1348 3704 esto

472 3755 636 3837 Liberque
655 3777 693 3820 ac
712 3757 847 3839 sapiens
865 3757 1063 3838 praetoribus
1083 3776 1121 3819 ac
1138 3756 1216 3818 Iove
1236 3755 1359 3818 dextro.

473 3869 533 3935 Sin
550 3874 597 3944 tu,
619 3893 695 3935 cum
714 3874 817 3935 fueris
836 3876 958 3936 nostrae
977 3874 1079 3955 paulo
1100 3877 1176 3936 ante
1197 3873 1320 3942 farinae,
1504 3898 1545 3937 115

472 3986 667 4051 Pelliculam
686 3993 831 4051 veterem
852 3989 976 4052 retines
997 3991 1029 4050 et
1047 3989 1156 4051 fronte
1176 3987 1301 4070 politus

472 4103 628 4167 Astutam
646 4102 767 4186 vapido
785 4124 896 4167 servas
915 4105 952 4166 in
971 4107 1105 4186 pectore
1124 4105 1265 4185 volpem,

474 4218 552 4298 Quae
571 4218 729 4283 dederam
749 4241 858 4302 supra,
880 4221 991 4301 relego
1012 4221 1192 4300 funemque
1213 4219 1352 4282 reduco:

473 4333 528 4397 Nil
544 4334 606 4397 tibi
625 4335 789 4399 concessit
808 4337 912 4412 ratio;
933 4334 1075 4416 digitum
1095 4354 1214 4408 exsere,
1236 4354 1362 4415 peccas.

474 4448 516 4511 nt
535 4449 613 4532 quid
631 4453 701 4514 tam
720 4471 861 4533 parvum
880 4455 954 4514 est?
973 4449 1038 4514 Sed
1057 4451 1150 4514 nullo
1171 4454 1243 4515 ture
1263 4451 1383 4516 litabis.
1504 4472 1544 4511 iao
1759 4397 1766 4446 l

1534 4674 1606 4745 Γ
