3917 5475
471 639 505 692 82
890 655 1001 700 snmus
1015 659 1035 702 1.
1056 655 1107 702 58—
1115 657 1178 703 -60.

1757 621 1758 678 l

471 839 533 901 bus
553 857 668 900 aurem
687 855 730 898 ne
749 835 893 898 libenter
912 834 1153 897 accommodes.
1176 837 1233 916 qui
1252 857 1329 898 eum
1349 839 1381 898 te
1399 837 1601 902 adulationi·

470 953 533 1014 bus
553 952 697 1014 foverint
717 953 750 1012 et
769 949 914 1032 quodem
932 947 1033 1011 modo
1053 949 1215 1030 impotem
1236 952 1359 1013 mentis
1373 952 1553 1026 effecerint,
1572 955 1599 1016 si

472 1066 581 1129 subito
602 1067 795 1147 respexeris,
814 1069 873 1127 out
889 1062 1103 1128 ciconiarum
1119 1064 1350 1146 deprehendes
1366 1071 1443 1148 post
1462 1073 1494 1130 te
1512 1069 1601 1133 eollo

472 1181 623 1262 curvum,
640 1184 698 1243 erit
713 1198 823 1245 murm
835 1179 1015 1243 auriculas
1030 1181 1148 1260 agitari
1162 1179 1253 1245 esini
1266 1186 1325 1244 aut
1337 1182 1525 1247 aestuantis
1538 1204 1600 1248 eo-

471 1296 527 1361 m's
545 1295 701 1378 protendi
727 1293 917 1379 linquam».
1002 1294 1145 1369 cleonte,
1176 1299 1291 1375 gestus
1320 1296 1468 1360 derisum
1497 1300 1600 1380 signi·

471 1414 574 1475 fioons
586 1433 593 1484 ;
614 1413 654 1473 of.
675 1409 875 1490 Hieronymi
899 1410 1000 1472 verbe
1030 1431 1130 1492 supra
1150 1411 1253 1473 eliste
1273 1415 1305 1475 et
1333 1412 1483 1476 eiusdem
1512 1413 1598 1478 Prol.

470 1530 507 1590 in
527 1525 674 1608 Sophon.
695 1529 729 1604 (t.
751 1525 808 1587 ΙΙΙ,
829 1546 860 1606 p.
891 1525 985 1588 1642.
1007 1525 1121 1604 Ben.):
1147 1527 1344 1608 «Nunquam
1363 1532 1440 1610 post
1468 1533 1600 1611 tergum

470 1663 584 1706 meum
605 1660 748 1705 ocenum
763 1640 985 1706 incursarent
1003 1642 1041 1706 iu
1060 1642 1261 1718 salientem»,
1280 1643 1369 1706 unde
1387 1643 1497 1706 eluoet
1513 1647 1600 1708 enti-

470 1779 553 1840 quos
572 1757 775 1820 derisionem
794 1758 842 1819 ite
861 1756 1076 1838 significasse.
1098 1763 1136 1822 ut
1158 1758 1316 1822 breoohio
1345 1779 1449 1822 rnenu
1469 1759 1599 1841 digitis-

471 1896 535 1956 que
555 1875 690 1936 oleoniae
711 1873 834 1935 oollurn
854 1877 887 1935 et
906 1877 1052 1936 rostrum
1071 1875 1294 1938 imitarentur.
1316 1913 1360 1919 —-
1375 1873 1497 1958 pinsit,
1514 1875 1599 1938 oioo-

471 1993 529 2052 nie
561 1989 656 2070 (prasi
686 1991 792 2051 rostro
821 1989 967 2069 pereutit
995 1993 1126 2071 tergum
1154 1992 1235 2060 eius,
1268 1990 1326 2072 qui
1354 1989 1535 2054 deridetur.
1555 2029 1600 2035 -κ

471 2104 541 2170 Neo
559 2123 687 2168 ‘mortem
704 2103 880 2168 (tertullus
896 2102 1030 2169 isnilom‘
1046 2105 1184 2170 mobilis
1200 2106 1301 2171 albos
1319 2127 1362 2169 so.
1380 2107 1495 2186 pinsit.
1510 2107 1599 2188 quod

472 2240 554 2284 ovs.
576 2221 628 2283 58.
654 2222 828 2299 zeugmate
858 2220 959 2281 etism
979 2220 1044 2282 huo
1065 2221 1278 2284 referendum
1307 2225 1365 2284 est.
1387 2259 1432 2264 —-
1451 2221 1597 2286 ostricu-

474 2338 526 2402 los
543 2387 550 2400 .
570 2387 600 2400 ..
628 2334 740 2415 olboS,
769 2355 867 2396 sures
897 2335 1057 2403 asininos.
1080 2357 1220 2418 querum
1249 2338 1383 2399 interna
1401 2357 1479 2418 pars
1499 2337 1598 2402 villos

471 2454 572 2516 hebet
591 2451 750 2514 albentes,
773 2449 819 2513 Cf.
842 2450 898 2513 Ov.
920 2451 1000 2514 Met.
1021 2452 1076 2515 XI.
1102 2453 1172 2518 174.
1196 2473 1241 2534 sq.
1263 2452 1303 2515 de
1323 2473 1400 2533 rege
1420 2452 1521 2528 Mida,
1544 2456 1597 2517 oui

470 2569 590 2650 Apollo
622 2587 718 2629 eures
749 2567 900 2629 ssinines
928 2566 1040 2630 dedit:
1075 2568 1209 2631 «Delius
1237 2588 1335 2631 eures
1351 2617 1358 2631 .
1377 2617 1411 2630 ..
1440 2569 1596 2650 villisque

471 2682 664 2750 albentibus
685 2683 804 2765 implet
822 2681 1066 2765 Instabilesque
1083 2685 1169 2747 imus
1186 2684 1266 2748 feeit
1285 2687 1318 2747 et
1337 2683 1394 2747 dut
1413 2703 1511 2765 posse
1525 2703 1596 2749 mo·

470 2800 572 2865 iteri».
656 2798 790 2864 iustiori
809 2798 957 2874 mobilis,
981 2798 1095 2863 Gnero
1115 2820 1207 2862 more
1227 2799 1393 2862 infinitivo
1415 2799 1537 2870 addito.
1559 2804 1598 2863 ut

470 2917 552 2998 prol.
577 2916 636 2979 11:
661 2918 798 2978 «ortiles
818 2917 942 2996 sequi».
965 2914 989 2977 I.
1013 2918 1073 2979 7o:
1099 2936 1240 2997 «ponere
1269 2915 1381 2977 luoum
1410 2914 1594 2984 Artifices»,

469 3032 492 3096 I.
526 3033 607 3095 118:
632 3031 797 3095 «Callidus
818 3053 954 3094 excusso
983 3033 1145 3113 populum
1175 3030 1378 3113 suspendere
1406 3051 1522 3105 naso»,
1553 3031 1596 3093 IL

471 3149 532 3210 54:
557 3149 680 3210 «laetsri
700 3147 937 3228 praetrepidum
962 3169 1048 3215 eor».
1071 3147 1129 3209 ΠΙ.
1151 3148 1215 3209 51:
1241 3146 1330 3209 «Neu
1350 3148 1424 3227 quis
1444 3146 1598 3209 oullidior

469 3264 593 3324 buxum
613 3267 767 3344 torquere
790 3262 955 3343 flagello».
976 3263 1030 3326 IV.
1056 3264 1112 3326 lo:
1139 3263 1275 3324 «melior
1295 3262 1458 3329 sorbere».
1476 3261 1514 3325 V.
1537 3262 1595 3323 15:

474 3379 649 3460 «pellentis
668 3380 783 3442 redere
803 3401 913 3443 mores
932 3380 1058 3441 llootus
1080 3383 1113 3441 et
1131 3380 1279 3459 ingenuo
1300 3377 1432 3457 eulpam
1452 3376 1596 3458 defigere

468 3493 579 3566 ludo»,
600 3495 636 3557 V.
658 3497 719 3558 ll:
745 3498 859 3577 «pulso
878 3495 1051 3558 dinoscere
1068 3498 1217 3561 cautus»,
1235 3492 1272 3555 V.
1292 3494 1353 3556 37:
1378 3492 1510 3554 «fellere
1531 3493 1596 3554 sol-

469 3612 565 3684 lers»,
591 3611 644 3674 VI.
666 3613 772 3674 5—b:
798 3610 893 3673 «Mox
915 3612 1054 3673 iuvenes
1079 3610 1204 3690 agitare
1233 3610 1324 3672 iooos
1344 3612 1377 3671 et
1395 3608 1517 3689 pollice
1536 3608 1596 3672 ho-

469 3731 565 3789 nesto
584 3727 745 3807 Egregius
765 3728 885 3790 lusisse
906 3748 1038 3794 senex».
1055 3725 1109 3788 VI.
1132 3725 1193 3788 23:
1218 3744 1360 3806 «ponere
1377 3724 1521 3792 lautus».
1539 3722 1594 3787 Vl.

469 3842 530 3905 st:
552 3842 687 3904 «sollers
704 3841 876 3904 turdorum
892 3862 993 3905 nosse
1011 3841 1163 3905 salivas».
1181 3878 1226 3883 —
1241 3836 1311 3903 Neo
1328 3839 1465 3925 libyum,
1478 3856 1595 3921 quau-

470 3960 541 4021 tum
562 3955 658 4021 sitiet
678 3957 775 4020 <tonis
795 3957 924 4041 Apulo,
949 3960 1073 4031 tentae,
1097 3953 1331 4037 supplendum,
1359 3958 1398 4017 ut
1426 3974 1528 4035 supro
1546 3975 1594 4018 vs.

469 4073 532 4145 59„
550 4071 752 4154 pinseruul;
766 4094 828 4134 neo
848 4073 981 4153 linguas
1001 4075 1113 4135 tentus
1135 4092 1173 4133 ex
1190 4092 1248 4133 ore
1269 4070 1490 4133 extenderunt
1509 4069 1596 4133 deri·

445 4238 448 4245 ,
470 4208 569 4256 sores,
585 4190 746 4268 quantum
762 4190 883 4250 exserit
900 4189 992 4250 oanis
1008 4187 1118 4268 Apule
1135 4187 1262 4248 sitiens.
1281 4184 1328 4248 of.
1343 4185 1467 4247 Luoun.
1485 4183 1510 4246 Ι.
1529 4184 1595 4248 959

470 4324 557 4384 sqq.:
583 4307 764 4383 «quantum
782 4324 860 4366 rure
883 4305 1041 4366 silent...
1060 4306 1155 4365 tante
1174 4303 1300 4383 quies».
1321 4338 1365 4345 —-
1383 4299 1478 4364 siuas
1496 4299 1595 4364 eoois

469 4417 596 4501 Apulo,
615 4416 693 4497 quie
717 4419 753 4479 in
772 4420 895 4499 Apulis
922 4439 1046 4498 magne
1074 4420 1145 4480 eret
1172 4418 1314 4499 penurie
1343 4434 1514 4498 equarum.
1545 4414 1594 4480 Of.

262 5059 717 5149 1...
