3917 5475
859 1285 1088 1368 SATIRA
1116 1285 1189 1367 VI.

621 1504 671 1564 Ad
693 1502 832 1563 (laeuum
851 1505 991 1564 Bassum
1010 1504 1050 1564 de
1071 1505 1165 1564 reato
1186 1506 1347 1566 bonorum
1367 1524 1438 1568 usu.

520 1719 759 1785 Exordium
779 1722 818 1799 (1.
844 1720 952 1802 1-6.)
972 1718 1014 1784 Iu
1033 1718 1096 1784 ltaa
1116 1719 1228 1786 satira
1254 1721 1440 1788 stultitiam
1472 1743 1595 1789 aarum

469 1837 662 1910 notaturus,
683 1834 744 1920 qui
761 1834 813 1899 rai
830 1833 1004 1920 familiari
1032 1833 1199 1922 auyauda
1219 1835 1341 1902 iuteuti
1359 1837 1479 1903 omuia
1497 1858 1593 1924 aau-

469 1950 529 2016 dia
547 1947 616 2015 sibi
634 1949 802 2034 douayaut
820 1968 930 2034 aequa
950 1951 1066 2015 taurea
1093 1969 1250 2034 uuquam
1269 1949 1337 2015 sibi
1357 1951 1593 2037 satisfaciunt,

472 2063 620 2132 Casium
648 2063 813 2140 Bassum,
840 2066 980 2148 poetam
1009 2064 1077 2129 sibi
1105 2064 1369 2142 amicissimum,
1400 2066 1597 2152 alloquitur

470 2200 614 2265 eumque
628 2181 862 2264 permutatur,
884 2199 969 2244 uum
995 2179 1067 2245 iam
1086 2180 1124 2245 iu
1141 2180 1262 2245 uillam
1288 2180 1458 2247 Sabiuam
1476 2201 1594 2248 reaes-

470 2295 551 2360 sarit
571 2295 685 2380 ibique
705 2295 922 2360 carminibus
937 2295 1133 2381 pauyarulis
1153 2316 1294 2382 operam
1312 2296 1401 2363 dat*

523 2412 559 2475 V.
584 2413 676 2476 1-6.
701 2411 833 2487 bruma,
855 2412 974 2488 hiems,
996 2417 1034 2476 ut
1051 2413 1131 2477 Hor.
1154 2413 1262 2478 Oarm.
1284 2413 1337 2478 IV.
1359 2416 1389 2488 7,
1410 2415 1538 2479 9-11ε

589 2569 720 2644 Frigora
741 2571 907 2630 mitesount
928 2571 1086 2647 Zephyris,
1107 2591 1162 2630 ver
1182 2571 1313 2647 proterit
1333 2573 1423 2630 aestas

591 2685 769 2756 interitura,
793 2685 884 2744 simul

591 2801 728 2859 Pomifer
750 2804 916 2860 autumnus
938 2802 1039 2878 fruges
1062 2804 1214 2874 effuderit,
1238 2808 1269 2862 et
1288 2804 1352 2861 iam

591 2918 714 2976 Bruma
733 2918 862 2975 recurrit
881 2919 967 2977 iners

473 3105 614 3188 611161.
626 3108 659 3181 Ι7,
677 3107 717 3172 10
730 3132 738 3171 :
756 3106 898 3185 «Quodsi
910 3107 1029 3170 bruma
1040 3108 1135 3170 nives
1144 3106 1283 3170 Albanis
1295 3107 1406 3169 illinet
1419 3106 1538 3188 agris».
1550 3144 1599 3152 —-

472 3221 604 3301 Bassa;
622 3221 746 3286 Caesius
761 3222 893 3298 Bassus,
906 3227 1006 3304 poeta
1015 3223 1148 3304 lyricus,
1161 3222 1201 3285 de
1219 3243 1283 3304 quo
1295 3222 1371 3287 vide
1384 3223 1496 3302 Quint.
1510 3223 1595 3287 Inst.

474 3338 525 3401 Or.
547 3337 585 3400 X.
619 3338 668 3413 10,
699 3340 760 3402 96:
794 3338 1006 3419 «Lyriaorum
1027 3389 1034 3403 .
1056 3388 1092 3402 ..
1122 3338 1282 3401 Horatius
1311 3340 1380 3401 fero
1410 3339 1500 3402 solus
1528 3339 1598 3420 legi

473 3453 619 3534 dignus,
641 3503 648 3515 .
670 3502 677 3516 .
700 3451 734 3517 si
763 3474 861 3535 quem
884 3454 1014 3516 adiaere
1042 3454 1134 3528 16116,
1156 3454 1185 3515 16
1206 3454 1268 3515 6111
1296 3452 1420 3517 Caesius
1447 3452 1594 3518 Bassus»

474 3572 506 3632 et
526 3569 670 3633 scholia:
694 3567 807 3631 «Hans
837 3570 972 3632 satiram
1002 3569 1115 3632 scribit
1134 3568 1176 3631 ad
1195 3566 1337 3631 Cassium
1355 3567 1497 3631 Bassum
1517 3569 1598 3651 lyri-

474 3688 710 3764 nummatam,
732 3705 830 3766 quem
850 3687 938 3748 lama
967 3689 1017 3748 est
1044 3686 1080 3747 in
1109 3684 1242 3766 praediis
1271 3685 1340 3748 suis
1368 3685 1516 3765 positum
1545 3706 1599 3748 ar-

474 3799 572 3862 dente
591 3798 744 3875 Vesuvio,
765 3805 878 3863 mante
892 3800 1092 3881 Campaniae,
1115 3805 1147 3863 et
1164 3800 1233 3863 late
1253 3800 1387 3880 ignibus
1402 3799 1599 3864 abundante

474 3934 549 3977 aum
567 3915 647 3977 11116
667 3935 726 3979 sua
745 3920 866 3980 ustum.
896 3917 959 3980 Hic
981 3937 1058 3997 ergo
1087 3915 1166 3979 dum
1193 3917 1328 3992 viveret,
1347 3915 1455 3980 Roma
1475 3916 1518 3979 ad
1538 3914 1599 3981 Sa-

474 4028 570 4091 binos
589 4029 784 4107 decesserat,
806 4032 863 4094 ubi
883 4032 1020 4095 hiemali
1044 4034 1194 4112 tempore
1223 4032 1259 4092 in
1286 4031 1360 4093 loeo
1389 4030 1497 4094 calido
1526 4051 1601 4094 aar·

529 4294 544 4324 *
563 4293 659 4345 Etiam
677 4295 708 4347 in
727 4296 814 4347 huius
835 4296 929 4348 satiras
957 4298 1129 4363 argumento
1158 4296 1319 4347 enarrando
1340 4324 1374 4333 —
1393 4294 1514 4348 mutatis
1535 4313 1602 4349 mu·

474 4389 571 4440 landis
589 4420 625 4428 -
642 4391 660 4443 J
662 4392 782 4445 ahnium
802 4410 866 4445 sum
886 4395 1009 4445 secutus.
