3917 5475
467 646 522 704 298
861 667 971 716 'carras
986 673 1015 717 v.
1036 669 1192 716 lis-175.

465 851 530 924 bat,
553 849 630 932 quia
658 849 824 930 Omphale
852 848 1033 910 Herculem
1054 848 1144 910 solea
1163 849 1317 928 pulsavit.
1339 848 1386 912 Cf.
1408 849 1477 911 Ter.
1498 848 1583 911 Eun

469 965 705 1029 toas—maa:
730 963 886 1044 «Egonet
904 967 941 1025 ut
953 962 1071 1025 Thaidi
1090 984 1144 1025 me
1164 963 1282 1026 dedam
1303 967 1336 1026 et
1354 964 1483 1037 faciam,
1497 963 1587 1045 quod

465 1081 601 1144 iubeat?
614 1115 655 1124 -
676 1079 761 1159 Quid
782 1083 856 1143 est?
874 1117 918 1122 —--
931 1079 995 1158 Qui
1014 1080 1135 1153 minus,
1157 1099 1256 1160 quarn
1266 1079 1431 1141 Hercules
1451 1078 1585 1143 servivit

466 1195 660 1281 Omphalae?
684 1185 949 1274 —Exemplum
973 1194 1091 1275 placet.
1117 1195 1254 1258 Utinam
1278 1195 1339 1257 tibi
1363 1195 1586 1275 commitigari

464 1310 595 1374 videam
613 1311 763 1374 sandalio
781 1313 881 1390 eaput
892 1312 918 1373 l»
933 1333 940 1386 ;
958 1309 1094 1373 Lucian.
1112 1311 1208 1374 Deor.
1228 1312 1304 1375 dial.
1327 1313 1375 1386 13,
1395 1312 1423 1374 2.
1442 1312 1483 1374 de
1498 1311 1584 1374 Her-

465 1427 556 1490 cule:
576 1431 741 1513 παιόμενος
759 1421 814 1490 ὑπὸ
830 1437 884 1513 τῆς
901 1422 1067 1514 Ὀμφάλης
1084 1438 1189 1512 χρυσῷ
1207 1427 1360 1510 σανδάλῳ.
1375 1465 1419 1471 —
1431 1445 1527 1510 puer,
1546 1429 1585 1489 ut

465 1564 564 1624 supra
585 1565 631 1606 vs.
656 1544 726 1606 167.
753 1579 798 1586 —-
818 1541 1053 1628 obiurgabere,
1080 1544 1240 1624 punieris,
1267 1539 1445 1628 uthenec.
1470 1543 1519 1606 De
1543 1544 1580 1605 ir.

462 1658 520 1722 ln
558 1660 612 1723 la:
652 1659 843 1739 «obiurgare
873 1657 1105 1733 verberibus·›;
1143 1656 1231 1722 Suet.
1265 1659 1339 1722 Oth.
1375 1659 1413 1722 ἒς
1453 1657 1605 1739 «flagris

464 1774 723 1854 obiurgaretur».
749 1810 793 1818 —
820 1771 872 1836 No
903 1771 1074 1856 trepidare
1100 1773 1184 1838 uelis
1213 1777 1316 1858 atque
1343 1776 1438 1839 ortos
1463 1772 1583 1839 rodere

463 1909 588 1964 casses,
619 1894 656 1952 ut
684 1889 769 1963 ferae,
791 1909 867 1952 oum
896 1909 912 1950 e
940 1888 1059 1970 plagis,
1090 1888 1209 1971 quibus
1238 1891 1410 1953 constricti
1437 1892 1524 1963 sunt,
1546 1909 1583 1951 se

462 2007 604 2069 liberare
621 2006 757 2069 volunt:
778 2025 950 2086 nunquam
971 2006 1061 2067 enim
1081 2011 1113 2068 te
1134 2027 1151 2068 e
1170 2006 1278 2086 plagis
1297 2006 1481 2068 meretricis
1499 2005 1583 2069 libe-

463 2122 560 2185 rabis.
582 2121 656 2184 Huc
676 2122 847 2202 pertinent
869 2119 1048 2183 Menandri
1070 2121 1170 2183 verba
1194 2123 1242 2199 (fr.
1266 2123 1326 2200 3.):
1351 2120 1405 2208 Μὴ
1425 2124 1584 2207 θεομάχει

462 2237 541 2324 μηδὲ
556 2243 711 2322 προσάγοι)
735 2249 776 2322 τῷ
795 2241 949 2322 πράγματι
969 2235 1134 2323 Χειμῶνας
1151 2235 1283 2321 ἑτέρους,
1302 2239 1371 2310 τοὺς
1389 2233 1417 2300 δ’
1434 2235 1582 2317 ἀναγκαί-

462 2376 514 2425 οος
535 2359 619 2441 φέρε.
640 2390 685 2396 -
705 2351 885 2436 trepidare,
906 2356 943 2415 ut
962 2353 1058 2434 Prop.
1079 2353 1120 2415 H.
1142 2355 1172 2427 tl,
1195 2355 1299 2417 5—c:

582 2556 588 2569 .
612 2555 618 2569 .
642 2557 648 2570 .
671 2511 770 2584 primo
791 2513 919 2569 iuvenes
940 2511 1098 2587 trepidant
1119 2514 1153 2569 in
1175 2530 1279 2570 amore
1300 2511 1425 2581 feroces,

577 2627 700 2684 Dehinc
722 2627 831 2685 domiti
852 2627 989 2702 posthaec
1010 2645 1097 2701 aequa
1118 2630 1149 2684 et
1169 2627 1276 2703 iniqua
1297 2627 1409 2685 ferunt.

458 2854 502 2859 m
521 2815 553 2879 si
570 2818 671 2891 vocet,
693 2818 721 2880 si
740 2820 773 2879 te
793 2820 923 2879 revocet
951 2817 1115 2879 meretrix.
1136 2854 1181 2860 —
1204 2813 1329 2881 «Haud
1357 2834 1487 2890 moro»,
1514 2819 1581 2879 sta-

458 2932 518 2994 tim
538 2932 601 2996 ibo.

512 3048 548 3110 V.
574 3049 755 3112 17a—175.
782 3045 957 3125 Quidnam
977 3047 1085 3133 igitar
1103 3046 1262 3133 sociarat
1289 3047 1358 3112 Neo
1377 3066 1479 3117 craeso,
1499 3066 1581 3111 orem

458 3140 610 3227 arcessat
631 3164 660 3227 et
679 3163 770 3227 altro
800 3162 984 3246 Supplioel,
1014 3148 1204 3229 accederat
1228 3165 1327 3228 verba
1346 3163 1579 3235 Chaerestrati;

458 3281 495 3341 cf.
518 3278 588 3341 Ter.
610 3279 693 3341 Eun.
719 3280 825 3343 l—Q:

577 3435 657 3507 Quid
678 3435 772 3509 igitur
792 3436 927 3494 faciam?
947 3437 1017 3495 Non
1039 3441 1129 3494 eam?
1150 3438 1195 3495 Ne
1217 3456 1300 3495 nuno
1322 3436 1455 3511 quidem,
1545 3443 1547 3446 '

577 3551 676 3622 Quom
696 3569 833 3610 arcessor
853 3554 956 3611 ultro?

457 3744 489 3801 et
504 3738 584 3802 Hor.
608 3739 673 3804 Sat.
696 3740 736 3803 II.
760 3741 788 3813 3,
810 3741 1006 3805 aea-ace:
1040 3762 1100 3803 «ne
1123 3762 1222 3816 nunc,
1244 3762 1319 3805 cum
1338 3761 1392 3804 me
1411 3743 1506 3804 vocet
1525 3738 1578 3802 ul-

454 3858 514 3929 tre,
536 3855 740 3919 Accedam‘l»
756 3878 764 3931 ;
793 3855 949 3920 Menand.
980 3859 1028 3937 (fr.
1063 3858 1121 3937 1.):
1143 3854 1220 3921 Εἶτα
1244 3862 1271 3921 τί
1285 3862 1404 3944 ποιήσω
1414 3880 1422 3933 ;
1442 3891 1487 3898 -
1505 3851 1577 3917 Nee

457 3988 555 4045 roaisio,
576 3991 619 4032 ne
648 3992 737 4033 nuno
759 3972 900 4053 quidem.
922 4010 966 4016 —
986 3975 1075 4037 totas
1105 3975 1134 4037 et
1163 3973 1302 4059 iamper,
1328 3971 1506 4035 incolumis
1518 3994 1526 4045 3
1547 3970 1577 4031 si

455 4085 582 4148 nullam
602 4089 652 4149 tui
671 4091 800 4168 partem
820 4088 867 4150 ibi
885 4089 1059 4170 reliquisti.
1077 4128 1122 4133 -—
1142 4089 1246 4164 illino,
1270 4111 1286 4152 e
1306 4090 1404 4152 domo
1423 4087 1576 4150 meretri-

454 4201 509 4262 cis.
530 4238 574 4244 —
592 4221 652 4265 aec
669 4220 770 4277 ποηο,
793 4203 930 4284 supple:
951 4206 1095 4268 accedas,
1117 4244 1161 4250 —
1185 4203 1258 4280 Hie,
1281 4204 1343 4280 hio,
1366 4186 1457 4287 qaod
1476 4222 1575 4287 οπω-

455 4313 574 4391 riallac,
597 4315 650 4380 hio
671 4320 719 4380 eat
732 4338 746 4399 ,·
772 4320 808 4381 in
835 4322 896 4383 hac
927 4342 962 4383 re
982 4324 1036 4399 (so.
1058 4322 1095 4383 in
1118 4322 1256 4384 victoria
1275 4322 1315 4384 de
1335 4318 1576 4401 cupiditatibus

452 4436 632 4511 reportata)
662 4438 712 4495 est
739 4455 817 4497 uera
843 4436 990 4499 libertas.
1021 4435 1067 4499 Of.
1097 4437 1177 4500 Hor.
1203 4439 1263 4520 Ep.
1284 4437 1308 4500 I.
1333 4439 1383 4511 17,
1406 4437 1466 4499 39:
1491 4433 1576 4497 «Hic

1772 2221 1778 2262 t
