3917 5475
751 1360 981 1442 SATIRA
1009 1360 1070 1440 II.

350 1664 459 1740 Hune,
480 1662 638 1737 Memine,
664 1662 755 1726 diem
774 1683 915 1725 numere
934 1663 1073 1724 meliore
1092 1662 1217 1744 lapillo.

351 1782 415 1860 Qui
433 1781 495 1845 tibi
513 1781 658 1845 labentis
678 1781 817 1863 eppenil
836 1778 998 1843 candidus
1018 1800 1134 1843 ermes.

286 1932 289 1936 ²
352 1895 471 1961 Funde
488 1915 621 1960 merum
640 1895 757 1960 Genio.
778 1895 853 1957 Non
872 1898 909 1957 lu
927 1915 1025 1977 preee
1045 1896 1155 1977 poseie
1177 1898 1290 1965 emeei.

351 2014 430 2091 Quae
449 2012 517 2075 nisi
536 2010 681 2075 seduelis
700 2030 847 2092 nequees
866 2012 1074 2073 committere
1094 2009 1188 2073 divis.

392 2130 436 2191 At
453 2127 543 2190 bone
560 2147 638 2209 pers
656 2144 832 2207 procerum
850 2126 952 2188 leeile
970 2125 1088 2187 libabit
1107 2145 1228 2190 acerra.
1503 2164 1515 2202 ⁵

347 2242 447 2307 Haud
466 2243 571 2306 cuivis
589 2245 782 2325 promptum
796 2245 846 2304 est
864 2261 1081 2321 murmurque
1094 2242 1304 2324 humilesque
1318 2264 1470 2308 susurros

348 2360 477 2423 Tollere
496 2358 536 2422 de
555 2358 690 2440 templis
711 2361 743 2420 et
762 2361 876 2439 aperte
896 2358 1007 2420 vivere
1025 2362 1112 2421 velo,

356 2474 470 2539 «Mene
488 2476 586 2544 bone.
608 2477 705 2543 ieme.
726 2474 825 2537 fides»
850 2475 919 2537 haee
938 2475 1026 2537 elere
1047 2479 1079 2537 et
1098 2478 1135 2538 ut
1156 2476 1271 2540 audiet
1290 2478 1435 2560 hospes:

348 2591 411 2655 Ille
430 2591 494 2655 sibi
511 2593 695 2654 introrsum
715 2595 747 2653 et
767 2591 958 2671 sublingua
977 2596 1183 2656 murmuret:
1208 2592 1302 2667 «Osi

350 2708 498 2772 Ebulliel
516 2710 664 2790 patruus,
685 2707 881 2790 praeclarum
902 2708 1021 2770 funus»
1047 2711 1098 2771 el:
1123 2707 1168 2772 «Ο
1190 2709 1217 2771 si

349 2823 417 2888 sub
435 2828 542 2888 melre
563 2827 674 2907 erepet
694 2824 823 2904 argenti
842 2820 1033 2910 mihilserie
1053 2824 1165 2887 dextro

350 2939 503 3009 Hercule.
524 2940 731 3023 pupillumve
751 2941 890 3013 utinum,
913 2961 1012 3021 quem
1031 2941 1202 3023 proximus
1222 2942 1318 3005 heres

347 3057 498 3140 Impel10.
520 3077 725 3139 expungem3
746 3077 890 3136 nemque
911 3061 961 3118 esl
981 3057 1151 3118 scabiosus
1172 3058 1291 3120 elueri

347 3171 420 3235 Bile
439 3175 564 3250 tumel;
585 3172 684 3234 Nerio
704 3173 772 3234 iem
791 3173 889 3234 tertie
909 3171 1065 3233 eondilur
1083 3192 1193 3234 uxor.»

347 3287 428 3350 Haee
448 3290 561 3351 eenete
580 3292 618 3349 ul
636 3308 763 3369 possae.
785 3287 940 3350 'liberino
960 3290 997 3350 in
1017 3289 1146 3368 gurgite
1166 3290 1288 3368 mergis
1487 3321 1514 3360 ιι

350 3403 451 3467 Mane
470 3407 569 3485 ceput
587 3403 639 3466 bis
658 3408 774 3483 terque
794 3407 826 3465 et
845 3408 978 3466 noelem
997 3403 1137 3466 flumine
1156 3425 1288 3487 purges.

392 3517 486 3581 Heus
506 3538 575 3599 ege,
596 3517 760 3599 responde
773 3552 816 3562 —
828 3518 1008 3579 minimum
1022 3521 1080 3593 est,
1102 3516 1190 3599 qued
1204 3520 1286 3582 seire
1298 3520 1414 3584 laboro
1427 3559 1469 3564 —-

346 3634 396 3697 De
415 3633 493 3697 Iove
513 3632 592 3714 quid
612 3634 741 3696 senlis?
759 3629 871 3705 Reme,
894 3636 930 3694 ut
949 3653 1143 3715 preepenere
1163 3655 1258 3697 eures

349 3748 481 3813 Hune...
491 3787 535 3792 ψ
546 3748 738 3812 «OuinemP»
747 3786 788 3792 —
797 3747 955 3813 Cuinem?
963 3747 1023 3811 Vis
1035 3747 1143 3814 Staio?
1152 3751 1205 3812 An
1217 3752 1343 3814 seilieel
1353 3753 1468 3828 haeres,

348 3864 429 3942 Quis
447 3865 559 3946 potior
576 3864 683 3931 iudeis
704 3865 858 3946 puerisve
878 3863 952 3945 quie
972 3865 1082 3945 aptior
1101 3865 1215 3930 erbis?
1486 3897 1514 3938 ee

345 3979 419 4043 Hoc
437 3982 548 4062 igilur.
570 4002 634 4062 quo
653 3985 690 4043 lu
709 3981 798 4044 lovis
818 4002 934 4044 eurem
953 3982 1125 4064 impellere
1145 3987 1299 4067 temptes.

344 4095 406 4160 Die
426 4097 568 4178 agedum
588 4096 698 4161 Staio:
724 4099 803 4160 «Pro
823 4098 983 4181 Iuppiter.
1006 4119 1024 4159 0
1045 4099 1149 4161 bone»
1173 4100 1295 4162 elemet

350 4212 554 4294 «Iuppiterle
573 4214 617 4275 At
634 4234 706 4276 sese
725 4234 795 4276 nen
814 4215 934 4277 elemel
953 4215 1105 4298 Iuppiter
1123 4217 1221 4297 ipse?

346 4327 518 4410 Ignovisse
537 4334 644 4412 pules.
667 4330 753 4411 quie,
774 4349 852 4392 eum
869 4333 974 4397 louet.
997 4331 1090 4394 ouius
1109 4332 1175 4393 ilex

346 4441 489 4526 Sulpure
508 4444 686 4507 diseulitur
705 4465 807 4513 suere.
829 4466 927 4526 quern
948 4450 1050 4528 tuque
1070 4445 1279 4529 domusque?
1486 4477 1515 4516 se
