3917 5475
784 697 894 741 snum
910 699 958 741 111.
977 695 1097 742 73-76.
1453 677 1503 729 ¹89

381 877 505 941 iudicio
525 874 682 948 defendit,
697 895 839 956 quarum
851 894 968 937 causas
989 875 1066 955 agit
1086 911 1131 919 —
1144 874 1335 959 piapaibua
1359 872 1504 955 Uelabris,

382 993 471 1055 inter
489 992 633 1056 Umbros
650 990 873 1072 Etruscosque
893 991 1018 1055 multos
1048 992 1152 1054 fuisse
1175 992 1318 1074 pingues
1347 991 1506 1054 docemur

383 1105 502 1172 Catuli.
523 1108 575 1182 39,
600 1107 747 1171 lca-11:

525 1239 558 1298 Si
578 1239 714 1299 urbanus
736 1259 817 1299 esses
839 1244 892 1298 aut
914 1240 1046 1301 Sabinus
1068 1244 1121 1298 aut
1141 1239 1251 1298 Tiburs

525 1355 586 1413 Aut
605 1358 707 1432 suetas
727 1340 854 1414 Umber'
866 1359 917 1413 aut
939 1354 1049 1415 obesus
1069 1355 1225 1416 Etruscus.

383 1609 427 1616 -
443 1569 486 1635 Et
503 1571 601 1654 piper
619 1573 651 1635 et
666 1589 796 1654 panace,
816 1569 924 1635 Marsi
943 1574 1167 1636 laceaameatu
1188 1571 1333 1648 clientis,
1352 1576 1430 1655 post
1443 1572 1504 1658 pi·

380 1705 444 1771 par
463 1691 493 1751 et
508 1705 625 1770 param
644 1686 763 1769 supple
779 1688 897 1769 palleat
915 1707 954 1748 ex
972 1707 1019 1749 vs.
1038 1687 1089 1750 73.
1107 1685 1220 1756 Marsi.
1236 1688 1358 1750 veteris
1378 1688 1507 1770 simpli-

386 1803 496 1866 citatis
512 1807 655 1878 tenaces,
671 1802 920 1883 simplicissima
939 1802 1028 1865 dona
1047 1805 1188 1884 patrono
1208 1802 1350 1877 dabant3
1372 1804 1411 1866 cf.
1431 1802 1504 1866 Juv.

384 1917 442 1981 III.
466 1918 658 1983 168-1692

523 2051 685 2110 Fictilibus
707 2068 817 2110 cenare
838 2049 942 2126 pudet,
966 2049 1048 2126 quod
1069 2053 1159 2124 turpe
1182 2049 1309 2124 negabis

527 2165 706 2224 Translatus
728 2167 828 2225 subito
851 2164 888 2223 ad
911 2166 1030 2223 Marsos
1052 2183 1252 2242 mensamque
1274 2163 1443 2235 Sabellam;

386 2354 467 2417 aaa
488 2319 572 2418 xiv.
596 2355 791 2420 usa-lac:

527 2511 630 2569 Viuite
652 2513 792 2570 contenti
813 2512 924 2570 casulis
947 2515 977 2569 et
999 2511 1126 2569 collibus
1147 2513 1224 2581 istie,

527 2627 552 2687 O
573 2629 669 2704 pueri,
691 2627 812 2686 Marsus
834 2625 954 2685 dicebat
976 2630 1007 2685 et
1026 2626 1180 2686 Hernicus
1201 2628 1284 2688 olim.

387 2817 490 2903 Piper
509 2822 559 2881 est
577 2819 679 2899 igitur
698 2818 761 2881 hoc
778 2817 853 2881 loco
873 2817 969 2898 piper
988 2818 1054 2879 vile
1072 2817 1236 2892 Italicum,
1250 2839 1320 2883 non
1335 2818 1508 2895 Indicum;

388 2937 426 2998 ef.
448 2934 532 2997 Plin.
555 2934 591 2997 N.
612 2933 654 2997 H.
672 2933 745 2997 XII.
768 2934 829 2997 29:
855 2934 1001 3015 «Piperis
1021 2933 1173 2997 arborem
1192 2935 1260 2997 iam
1280 2939 1313 2998 et
1331 2935 1431 3000 Italia
1450 2936 1507 3000 ba-

387 3052 443 3115 bet
455 3052 616 3115 maiorem
633 3053 741 3131 myrto
754 3070 816 3112 nec
833 3048 1033 3113 absimilem.
1047 3049 1243 3113 Amaritudo
1260 3071 1364 3131 grano
1382 3049 1507 3124 eadem,

388 3188 459 3249 quae
475 3168 582 3249 piperi
599 3170 729 3231 musteo
747 3165 884 3245 (Iudico)
900 3164 1054 3228 credatur
1070 3185 1151 3229 esse.
1167 3164 1231 3229 Sed
1243 3166 1336 3229 deest
1348 3170 1437 3231 tosta
1447 3166 1509 3229 illa

388 3283 563 3346 maturitas
579 3282 720 3364 ideoque
738 3285 771 3345 et
786 3302 945 3363 rugarum
961 3282 1147 3363 colorisque
1165 3282 1381 3346 similitude».
1395 3282 1509 3349 Pacata

389 3400 457 3462 suis
479 3402 548 3461 erat
568 3398 709 3480 simplex
728 3397 821 3460 cibus
846 3398 1066 3473 rusticorum3
1096 3399 1135 3461 cf.
1157 3417 1228 3479 quae
1248 3397 1387 3473 Ofellus
1406 3400 1507 3462 homo

387 3515 530 3577 rusticus
551 3518 731 3596 alpaidus,
754 3500 840 3577 dicit
854 3514 942 3595 apud
961 3513 1043 3577 Hor.
1065 3512 1131 3578 Sat.
1152 3513 1194 3576 Π.
1216 3515 1246 3588 l,
1271 3514 1463 3578 116-117:

508 3674 576 3731 Non
599 3692 654 3747 ego
669 3719 677 3733 .
692 3719 700 3735 .
718 3716 727 3734 .
742 3676 857 3731 temere
879 3671 928 3731 edi
949 3672 1015 3730 luce
1036 3672 1173 3748 profesta

509 3786 679 3863 Quicquam
700 3791 812 3863 praeter
833 3788 899 3845 olus
920 3788 1041 3846 fumoso
1063 3806 1133 3846 cum
1154 3785 1231 3863 pede
1252 3805 1366 3862 pernae.

388 3976 437 4039 De
468 3976 600 4039 cibariis
632 3998 651 4040 a
681 3976 859 4040 clientibus
891 3976 1058 4039 causidico
1093 3974 1226 4041 donatis
1260 3978 1299 4041 ci.
1333 3977 1406 4041 Juv.
1438 3977 1509 4042 VIL

392 4091 584 4155 119-10212

511 4229 590 4302 Quid
610 4234 694 4290 vocis
715 4233 872 4308 pretium?
895 4232 1000 4291 Siccus
1021 4233 1239 4308 petasunculus
1260 4236 1367 4293 etuas

509 4346 710 4422 Pelamydum
732 4350 784 4406 aut
804 4350 931 4418 veteres,
954 4347 1134 4406 Maurorum
1156 4350 1321 4426 epimenia,
1344 4350 1436 4423 bulbi,

510 4462 571 4519 Aut
590 4462 698 4519 vinum
721 4462 823 4521 Tiberi
845 4462 1015 4535 devectum,
1038 4466 1171 4541 quinque
1193 4465 1328 4538 lagoenae.
