3917 5475
791 691 936 735 sarman
956 690 1079 736 aza—55.
1458 671 1491 726 79

316 946 320 952 ι
368 907 410 912 —
430 866 590 954 elepidia
607 887 727 950 parvas
747 867 870 948 elegias
881 889 890 942 ;
910 867 1017 930 forma
1036 867 1241 930 deminutira
1261 873 1490 952 contemptum

369 984 544 1066 signifieat
566 983 613 1047 Of.
634 982 714 1046 Hor.
735 983 772 1046 A.
793 982 828 1046 Ρ.
849 985 912 1048 77:
933 983 1086 1064 «exiguos
1116 984 1254 1062 elegos.»
1289 983 1361 1047 Hae
1389 986 1490 1049 molle

368 1120 509 1182 poeseos
528 1119 635 1180 genus
646 1118 801 1180 proceres
812 1097 955 1160 Romani
968 1096 1003 1160 id
1015 1099 1174 1179 temporis
1186 1099 1400 1181 potissimum
1413 1101 1489 1164 ada-

367 1236 479 1279 masse
498 1214 673 1290 videntum
704 1215 743 1277 ef.
765 1234 866 1294 supra
884 1233 931 1276 vs.
953 1212 1014 1276 34:
1048 1212 1245 1293 «Phyllidas,
1275 1213 1488 1296 Hypsipyles,

367 1337 485 1394 ratum
514 1335 548 1393 et
574 1331 737 1411 plorabile
766 1331 794 1392 si
823 1329 919 1411 quid»
953 1333 987 1392 et
1014 1328 1264 1392 adnotationem
1284 1330 1325 1392 ad
1345 1331 1376 1393 h.
1397 1352 1426 1394 v.
1447 1368 1491 1376 —

367 1445 481 1528 cradi,
499 1450 578 1528 post
597 1466 722 1519 cenam,
745 1444 817 1508 cibo
836 1446 980 1526 vinoque
1000 1445 1128 1524 repleti,
1143 1465 1217 1507 cum
1234 1467 1276 1508 ne
1293 1451 1405 1510 mente
1419 1449 1489 1528 qui-

365 1561 445 1624 dem
466 1566 555 1624 reete
575 1563 625 1624 uti
645 1564 795 1642 possunt.
817 1555 865 1622 Cf.
888 1579 988 1640 supra
1001 1580 1046 1621 vs.
1062 1560 1122 1622 31:
1148 1558 1350 1623 «Romulidae
1364 1564 1485 1624 saturi»

366 1682 401 1740 et
412 1677 667 1741 adnotationem
678 1675 721 1738 ad
733 1677 764 1739 h.
776 1676 796 1738 l.
811 1713 854 1720 -—
866 1693 936 1740 aaa
948 1672 1116 1758 quidquid
1129 1673 1272 1758 cleaiqae
1286 1677 1379 1742 lectis
1392 1675 1489 1742 Scri-

368 1794 462 1857 bilar
480 1793 519 1856 m
539 1791 660 1873 citreis
680 1791 768 1886 quod
787 1791 941 1855 homines
961 1790 1081 1854 divites
1094 1792 1130 1853 in
1141 1792 1236 1854 leetis
1253 1793 1322 1855 suis
1334 1795 1490 1874 pretiosis

367 1911 517 1971 iacentes
546 1909 769 1971 conscribunt.
790 1945 834 1951 —
855 1907 956 1973 lectis,
987 1927 1028 1970 se.
1060 1908 1096 1969 in
1131 1908 1216 1970 lecto
1245 1908 1488 1976 lucubratorio:

367 2024 523 2087 solebant
543 2025 634 2086 enim
653 2023 797 2087 Romani
815 2024 851 2086 in
870 2024 965 2085 lectis
981 2023 1142 2085 cubantes
1155 2023 1263 2104 legere
1285 2027 1317 2086 st
1337 2011 1488 2088 seribere.

956 2115 965 2134 1

366 2139 413 2204 Of.
436 2137 527 2203 Suet.
548 2139 631 2220 Aug.
653 2141 714 2203 78:
739 2139 784 2200 «A
803 2159 885 2200 cena
900 2139 937 2200 in
954 2136 1145 2202 lecticulam
1165 2158 1200 2201 se
1221 2138 1490 2205 lucubratoriam
1617 2169 1620 2174 ·

368 2255 551 2336 recipiebat
570 2255 782 2336 (Augustuslz
802 2254 857 2325 ibi,
879 2254 986 2315 donee
1014 2253 1147 2316 residua
1175 2253 1286 2317 diurni
1316 2259 1408 2318 actus
1433 2261 1490 2319 aut

365 2371 481 2433 omnia
501 2373 561 2433 aut
579 2391 618 2432 ex
636 2371 782 2432 maxima
805 2373 899 2450 parte
930 2369 1114 2438 conficeret.
1137 2369 1178 2431 ad
1197 2371 1339 2432 multam
1357 2375 1491 2434 noctem

365 2487 617 2568 permanebat».
638 2524 682 2529 —
701 2485 826 2567 citreis
846 2507 885 2548 ex
903 2486 1019 2548 arbore
1037 2485 1173 2548 odorata
1198 2485 1281 2550 citro
1302 2487 1408 2550 laetis.
1431 2484 1489 2549 Ci-

366 2607 440 2667 tras
474 2606 585 2664 autem
619 2603 681 2665 hoe
712 2601 783 2664 loeo
811 2623 880 2664 non
909 2602 1043 2666 malma
1072 2601 1239 2667 Medicam
1268 2602 1490 2683 (Hungariem

366 2719 549 2786 eaitromfa.
569 2717 786 2783 Germanice:
805 2717 1078 2797 Gitronenbaum)
1091 2716 1264 2799 signifieat,
1283 2717 1340 2780 sed
1361 2716 1491 2802 tbpiam

366 2832 646 2898 Mauretaaicam
661 2834 786 2912 (Graece
802 2837 878 2899 θύον
896 2836 964 2898 sire
981 2830 1077 2911 tola),
1097 2854 1197 2915 quam
1209 2834 1271 2895 viri
1288 2833 1376 2897 docti
1393 2834 1491 2897 hodie

366 2946 504 3011 timiam
523 2948 724 3013 orientalem
751 2948 788 3014 L.
810 2955 939 3013 vocant.
960 2951 1009 3012 Ex
1029 2951 1090 3012 hae
1111 2950 1235 3017 arbore.
1262 2951 1355 3013 euius
1383 2952 1493 3032 patria

366 3066 479 3127 Afriea
504 3068 563 3137 est,
593 3066 842 3145 pretiosissima
872 3067 1096 3148 supellectiles
1124 3065 1388 3147 perfioiebantur.
1410 3088 1492 3148 quas

366 3181 514 3243 maximo
534 3182 642 3262 pretio
656 3182 811 3245 emebant
827 3181 947 3245 divites
958 3182 1112 3245 Romani.
1131 3179 1177 3244 Of.
1196 3181 1280 3244 Plin.
1295 3181 1332 3244 N.
1346 3180 1387 3245 H.
1403 3181 1491 3245 Xlll.
1610 3173 1612 3177 ’

373 3300 420 3372 15,
444 3298 505 3362 91:
531 3295 705 3359 «Confines
726 3298 756 3359 ei
775 3296 894 3370 Mauri,
916 3298 1036 3379 quibus
1064 3298 1211 3380 plurima
1240 3299 1336 3370 arbor
1364 3299 1440 3363 citri
1461 3304 1492 3362 et

369 3430 569 3479 mensarum
594 3411 745 3491 insama,
775 3432 857 3493 quas
881 3414 1015 3475 feminae
1043 3414 1123 3491 viris
1152 3419 1267 3477 eontra
1295 3402 1492 3495 margaritas

369 3532 559 3611 regerunt».
620 3537 623 3542 “

420 3645 457 3708 V.
480 3644 624 3707 53-55.
648 3642 799 3709 calidam
827 3643 893 3709 scis
916 3665 942 3729 p
968 3664 1045 3710 uere
1073 3664 1202 3720 samaa,
1235 3642 1309 3709 Scis
1339 3644 1490 3709 comitem

371 3759 592 3825 borridalam
611 3761 693 3825 trita
708 3759 838 3825 donare
856 3760 994 3826 lucerua
1004 3782 1016 3841 ;
1033 3765 1133 3842 poeta
1145 3761 1285 3840 castigat
1300 3780 1493 3841 perversum

369 3897 499 3940 morem
519 3874 661 3939 divitum
680 3878 888 3957 scriptorum,
911 3878 967 3957 qui
997 3878 1088 3940 cenis
1112 3875 1274 3956 donisque
1304 3874 1494 3937 laudatores

371 3994 434 4058 sibi
454 3990 694 4054 conducebant.
714 3990 866 4054 Eandem
886 4012 952 4053 rem
976 3992 1088 4073 attigit
1116 3992 1185 4053 iam
1203 3990 1373 4064 Horatius,
1395 4010 1493 4071 quem

371 4110 506 4174 Persius
527 4112 604 4170 ante
633 4109 746 4171 oeulos
772 4107 898 4181 habuit,
928 4106 989 4187 Ep.
1011 4106 1105 4179 119,
1138 4106 1287 4169 37—38:
1313 4105 1405 4169 «Non
1435 4125 1494 4185 ego

370 4228 517 4288 ventosae
537 4223 645 4304 plebis
669 4223 826 4304 suffragia
853 4243 958 4285 venor
985 4222 1151 4303 impensis
1180 4241 1338 4283 senarum
1358 4224 1390 4283 et
1409 4221 1494 4282 tritae

372 4361 511 4404 munere
530 4340 664 4402 vestis».
684 4376 728 4382 -—
739 4357 878 4422 pou-ere,
898 4340 918 4401 i.
941 4359 967 4401 e.
990 4337 1080 4401 eibos
1100 4333 1246 4401 convivis
1263 4356 1440 4417 apponere,
1458 4338 1496 4396 ut

373 4456 530 4520 111.111:
555 4456 720 4536 «positum
733 4461 783 4519 est
803 4456 935 4536 algente
955 4455 1065 4517 catino
1086 4454 1215 4515 Durum
1235 4454 1307 4514 olus
1328 4455 1360 4513 et
1378 4450 1495 4531 populi
