3917 5475
756 693 866 736 sirum
881 693 916 736 11.
936 691 1054 738 15——1a
1420 672 1466 724 131

350 873 401 932 tus
420 875 467 932 est
486 870 631 935 morbus.
646 889 745 949 quem
764 867 934 931 interdum
954 871 1140 949 arquatum,
1154 868 1323 931 interdum
1340 870 1467 948 regium

350 985 529 1047 nominant
552 984 657 1062 Quem
685 983 909 1064 Hippocrates
937 984 993 1056 ait,
1016 984 1044 1045 si
1063 987 1140 1064 post
1170 984 1351 1064 septimum
1379 983 1467 1046 diem

350 1100 552 1162 febricitante
572 1119 659 1179 aegro
680 1099 882 1177 supervenit,
904 1101 918 1160 t
943 1101 1016 1160 tum
1037 1118 1109 1160 esse
1122 1147 1129 1160 .
1144 1147 1174 1160 ..
1201 1096 1357 1179 Soletque
1378 1119 1468 1160 acca-

349 1213 421 1275 dere
441 1218 473 1276 et
491 1214 566 1278 sitis
588 1218 620 1276 et
639 1212 735 1276 dolor
753 1215 872 1294 capitis
893 1217 926 1276 et
945 1215 1101 1295 frequens
1115 1214 1282 1294 singultus
1290 1237 1314 1277 o.
1333 1215 1467 1278 Utrum-

348 1349 408 1408 que
420 1329 583 1397 morbum.
598 1328 744 1391 scabiem
765 1334 797 1391 et
815 1329 970 1392 morbum
984 1330 1122 1409 regium,
1137 1329 1370 1411 complectitur
1385 1327 1466 1392 Hor.

347 1445 382 1505 A.
403 1443 435 1506 P.
455 1445 542 1518 453„
565 1465 663 1525 quem
682 1444 795 1506 locum
814 1444 947 1507 Persius
968 1449 1046 1507 ante
1067 1445 1182 1508 oculos
1202 1446 1358 1508 habuisse
1377 1444 1467 1507 vide-

347 1563 415 1621 tur:
439 1560 502 1623 «Ut
521 1560 611 1622 mala
630 1581 729 1641 quem
750 1560 876 1622 scabies
897 1565 955 1622 aut
973 1560 1109 1623 morbus
1126 1561 1236 1640 regius
1252 1564 1403 1640 urguet».
1424 1595 1468 1602 *

346 1672 446 1738 Nerio
476 1675 549 1739 ium
580 1674 679 1739 tertio
704 1673 862 1740 occiditur
879 1695 980 1756 uuor,
1010 1675 1129 1739 Nerius
1156 1677 1224 1738 iam
1254 1679 1321 1738 tres
1349 1695 1467 1737 uxores

347 1791 498 1870 sepelivit
519 1794 552 1852 et
570 1789 704 1853 dotibus
724 1811 839 1853 earum
867 1791 1091 1872 locupletatus
1111 1797 1170 1854 est.
1200 1791 1301 1853 Recte
1322 1789 1467 1852 scholia:

350 1905 431 1967 «Dos
452 1905 544 1967 enim
558 1926 578 1967 a
590 1906 659 1967 cive
678 1905 830 1968 Romano
851 1905 937 1979 data,
951 1927 1022 1968 non
1039 1927 1078 1968 ex
1093 1907 1201 1988 patrio
1215 1905 1303 1968 dicta
1319 1904 1465 1976 nomine,

345 2021 373 2083 si
390 2021 568 2102 repudium
588 2042 657 2083 non
676 2021 902 2091 intervenerit,
920 2025 998 2102 post
1016 2025 1158 2084 mortem
1177 2021 1288 2084 uxoris
1308 2019 1350 2082 sd
1368 2018 1467 2080 mari·

345 2140 414 2198 tum
431 2137 612 2218 pertinet».
633 2137 752 2216 Agitur
771 2137 861 2198 enim
881 2136 920 2199 de
941 2135 1016 2201 dote
1030 2135 1234 2217 adversticc'o,
1246 2157 1315 2198 non
1335 2156 1354 2197 a
1373 2138 1467 2215 patre

345 2240 500 2332 protecta.
523 2251 564 2314 de
584 2272 649 2332 qua
669 2253 707 2314 cf.
726 2252 801 2332 Uip.
815 2251 869 2315 VL
890 2253 998 2315 4-5:
1023 2252 1173 2315 «Mortua
1196 2253 1234 2314 in
1251 2251 1467 2314 matrimonio

343 2368 482 2430 muliere
500 2368 561 2430 dos
574 2389 593 2430 a
605 2372 699 2448 patre
715 2369 865 2448 proiecta
881 2367 923 2430 ad
938 2372 1068 2448 patrem
1086 2369 1270 2434 revert'tur.
1289 2367 1415 2448 quintis
1431 2366 1468 2427 in

344 2484 495 2564 singulos
515 2483 638 2545 liberos
662 2485 699 2545 in
721 2482 892 2546 infinitum
912 2484 1038 2546 relictis
1057 2504 1161 2564 penes
1180 2484 1297 2546 virum.
1324 2481 1419 2561 Quod
1441 2482 1467 2544 si

344 2603 437 2679 pater
452 2619 525 2661 non
541 2599 593 2669 sit,
612 2598 702 2678 apud
716 2599 875 2661 maritum
893 2604 1053 2662 remanet.
1071 2599 1267 2661 Adventioia
1284 2602 1395 2660 autem
1409 2595 1468 2658 dos

344 2735 475 2797 semper
494 2735 600 2796 penes
618 2716 778 2778 maritum
797 2719 980 2778 remanet».
1062 2711 1177 2794 Nerio,
1194 2714 1323 2787 Nerius,
1345 2731 1469 2775 nomen

344 2831 383 2893 ab
398 2831 542 2894 Horatio
563 2837 753 2911 sumptum;
775 2831 864 2913 apud
879 2830 1058 2893 Horatium
1076 2832 1167 2893 enim
1183 2830 1325 2892 occurrit
1342 2827 1408 2893 Sat.
1426 2827 1467 2889 ΙΙ.

345 2950 372 3018 3,
394 2949 435 3011 69
455 2947 597 3025 (ascribe
622 2946 737 3009 decem
761 2967 780 3008 a
807 2947 906 3009 Nerio
915 2949 942 3024 s)
962 2966 1087 3008 nomen
1110 2945 1202 3008 Nerii
1225 2944 1404 3024 trapezita.
1426 2978 1469 2985 —-

345 3060 515 3142 conditur,
526 3083 568 3124 so.
581 3062 733 3143 sepulcro
741 3086 748 3137 ;
763 3062 905 3124 condere
921 3082 981 3142 pro
996 3061 1146 3142 sepelire,
1158 3065 1196 3123 ut
1207 3059 1371 3123 TacHist.
1383 3058 1420 3121 V.
1434 3059 1468 3119 5:

349 3175 515 3257 «Corpora
533 3177 675 3239 condere
695 3198 794 3259 quam
814 3197 960 3239 cremare
981 3198 998 3238 e
1018 3196 1109 3269 mors
1128 3176 1290 3256 Aegyptio
1298 3199 1323 3237 u.

396 3292 433 3355 V.
460 3293 599 3356 15-16.
620 3291 710 3372 Hac,
734 3314 777 3356 sc.
801 3297 870 3355 tam
899 3294 1020 3372 turpia.
1050 3329 1094 3335 —
1121 3294 1247 3371 scaete,
1266 3295 1303 3353 ut
1331 3290 1470 3352 deorum

344 3408 453 3471 cultus
473 3409 633 3489 postulat.
651 3446 695 3452 —
713 3407 870 3474 Tiberia-o
883 3408 920 3472 io
932 3408 1067 3493 porgite
1086 3406 1215 3493 merpis
1236 3406 1336 3472 Mauo
1357 3408 1470 3488 caput,

345 3524 402 3602 qui
420 3522 463 3585 ad
484 3543 578 3586 sacra
597 3524 807 3598 accedebant,
823 3524 975 3587 solebant
1000 3545 1034 3587 se
1053 3523 1193 3586 flumine
1211 3524 1286 3585 viro
1305 3523 1468 3595 lustrare:

345 3638 384 3699 of.
404 3638 502 3719 Verg.
524 3640 605 3701 Aen.
627 3638 668 3702 II.
691 3640 886 3704 719—-7902
920 3642 1054 3717 ‹ttsacrab
1073 3641 1258 3701 Attrectare
1287 3638 1391 3711 nefas,
1413 3636 1469 3699 do-

347 3773 406 3815 nec
424 3775 480 3816 me
508 3752 648 3817 flumine
675 3755 750 3818 vivo
779 3755 956 3818 abluero».
985 3754 1130 3817 Romani
1161 3758 1273 3815 autem
1304 3750 1470 3815 lustrandi

345 3888 446 3931 causa
464 3870 502 3931 in
521 3870 632 3932 Tiberi
649 3872 816 3933 matutino
836 3876 986 3952 tempore
1005 3871 1212 3933 lavabantur.
1234 3868 1280 3931 Of.
1302 3868 1382 3930 Hor.
1402 3866 1469 3931 Sat.

346 3983 385 4047 H.
408 3987 436 4051 3.
459 3986 655 4050 291—299:

508 4145 601 4203 Mane
624 4145 682 4215 die,
706 4165 765 4220 quo
786 4150 820 4203 tu
841 4143 953 4203 indicis
975 4146 1100 4212 ieiunia,
1123 4142 1223 4201 nudus

508 4261 546 4319 In
567 4261 670 4319 Tiberi
691 4261 801 4328 scabra

346 4447 419 4512 Juv.
439 4450 494 4513 Vl.
516 4450 712 4513 523—5242
