3917 5475
785 687 895 731 SfflRA
910 688 945 730 11.
966 683 1088 730 rr—ac.
1449 660 1499 714 133

371 869 422 930 est
441 885 512 945 cor,
532 867 569 926 ut
589 863 678 945 apud
709 862 774 926 Cic.
800 883 860 944 pro
881 862 956 926 Cael,
979 864 1018 926 6:
1052 861 1178 942 «Magis
1199 865 1257 930 est,
1278 865 1316 924 ut
1333 863 1407 942 ipse
1427 881 1497 924 mo-

371 982 455 1044 leste
480 982 564 1043 ferat
584 1000 711 1041 errasse
731 1000 766 1041 se
786 1027 793 1040 .
815 1028 822 1040 .
844 1028 851 1040 .
882 999 982 1058 quam
1001 982 1039 1040 ut
1058 978 1212 1041 amicitia
1241 978 1367 1040 crimen
1395 979 1497 1041 refor-

371 1094 504 1169 midet»
526 1095 576 1157 De
596 1094 659 1157 div.
680 1094 704 1156 L
726 1094 788 1157 56:
811 1114 900 1181 cnon
920 1098 978 1156 est.
1000 1096 1038 1155 ut
1056 1092 1247 1156 mirandum
1260 1095 1331 1156 sit.»
1348 1131 1391 1138 —-
1399 1114 1495 1178 prce·

365 1230 494 1296 ponere
514 1229 620 1284 cares,
641 1230 836 1290 praeponere
864 1209 967 1283 velis3
989 1211 1028 1271 ci,
1055 1210 1143 1271 infra
1162 1208 1220 1271 ΙΙΙ.
1242 1209 1303 1274 78:
1328 1230 1415 1273 cnon
1436 1231 1495 1293 ego

369 1347 449 1389 curo
468 1327 560 1399 Esse,
586 1324 674 1406 quod
692 1324 876 1387 Arcesilas»
891 1348 899 1400 ;
921 1323 985 1388 Cic.
1015 1345 1076 1406 pro
1105 1325 1211 1388 Flacc⁴
1243 1327 1304 1388 tl:
1338 1327 1413 1407 «qui
1442 1348 1496 1391 res

368 1443 452 1504 istas
477 1440 560 1504 scire
585 1441 743 1502 curarit».
764 1477 809 1482 --
832 1437 1048 1504 «Catinensi»
1080 1441 1128 1504 ita
1154 1442 1348 1524 interpellat
1376 1465 1505 1508 avarus.

369 1558 427 1620 ille
445 1559 599 1639 poetam:
629 1557 764 1618 cuinam
784 1576 843 1636 ego
872 1577 1067 1637 praeponam
1094 1557 1235 1620 Iovem?
1253 1595 1297 1601 —
1318 1556 1496 1624 Cicirrum?

367 1675 469 1754 pocta
488 1673 610 1752 repetit
627 1672 927 1751 interrogationem
947 1673 1037 1734 avari
1058 1673 1309 1753 cogitabundus,
1328 1676 1406 1755 quia
1425 1696 1494 1738 non

368 1789 461 1852 venit
481 1789 511 1849 ci
531 1788 644 1857 statim
664 1789 700 1849 in
724 1791 882 1861 mentem,
904 1788 957 1848 cui
988 1787 1101 1850 Iovem
1129 1789 1393 1870 praeponendum
1422 1811 1493 1853 esse

367 1903 465 1966 dieat.
486 1941 531 1947 —
556 1901 613 1966 Vis
635 1899 760 1966 Staio?
777 1903 873 1964 visne
892 1907 929 1965 tu
950 1901 1041 1967 Staio
1060 1903 1175 1966 Iovem
1198 1913 1418 1987 praeponere?
1444 1906 1493 1969 De

369 2017 462 2081 Staio
482 2017 557 2080 vide
577 2017 831 2080 adnotationem
856 2018 897 2080 ad
925 2039 972 2081 vs.
1005 2040 1051 2101 sq.
1072 2057 1116 2064 —
1136 2018 1191 2083 An
1220 2021 1344 2087 scilicet
1374 2019 1492 2101 hores,

373 2134 458 2212 (lais
474 2133 590 2217 potior
609 2132 715 2198 iudex
730 2133 889 2216 puerisue
913 2135 992 2217 pais
1013 2135 1127 2218 optior
1146 2136 1237 2200 orbis
1247 2159 1259 2217 ,·
1286 2157 1330 2199 an
1349 2138 1490 2206 dubitas.

367 2256 443 2312 uter
460 2250 580 2312 melior
598 2249 697 2311 iudea
720 2250 879 2312 meliorve
903 2253 995 2312 tutor
1023 2251 1074 2325 sit
1104 2251 1257 2332 luppiter
1284 2273 1327 2314 an
1357 2251 1494 2317 Staius?

366 2366 498 2428 ironice
514 2364 658 2439 dictum3
676 2369 777 2446 poeta
794 2366 884 2428 enim
901 2365 934 2429 O.
952 2367 1086 2428 Aelium
1103 2367 1230 2429 Paetum
1247 2365 1422 2431 Staienum
1440 2370 1492 2431 in-

366 2482 499 2561 telligit,
520 2479 665 2542 iudicem
685 2480 855 2543 Ciceronis
879 2485 1030 2562 tempore
1056 2484 1231 2556 famosum,
1254 2482 1293 2545 de
1314 2504 1378 2564 quo
1404 2484 1490 2565 apud

366 2597 562 2661 Ciceronem
582 2599 653 2676 (pro
674 2595 744 2658 Clu.
776 2597 841 2675 65.)
868 2597 1032 2676 legimus:
1065 2596 1163 2660 «Dico
1185 2597 1217 2661 C.
1239 2599 1334 2661 Aelio
1355 2598 1490 2662 Staieno

366 2713 470 2777 iudici
499 2713 678 2794 pecuniam
704 2711 866 2793 grandem
895 2709 1041 2777 Statium
1068 2713 1190 2777 Album
1215 2712 1256 2776 ad
1276 2735 1490 2797 corrumpen-

365 2830 447 2892 dum
465 2829 627 2892 iudicium
646 2828 809 2891 dedisse»,
824 2828 979 2891 Eundem
990 2830 1169 2910 pecuniam
1181 2830 1303 2910 pupilli
1317 2830 1490 2894 cuiusdam

365 2944 490 3027 perfide
511 2945 736 3025 suppressisse
756 2944 914 3006 docemur
933 2943 990 3007 Cic
1014 2964 1073 3024 pro
1102 2943 1172 3007 Clu.
1203 2946 1255 3019 325,
1278 2947 1320 3009 68
1334 2935 1346 3009 :¹
1367 2938 1494 3010 «Staie—¹

364 3081 430 3124 nus
447 3060 506 3123 ille
525 3060 662 3122 biennio
680 3064 767 3133 ante,
786 3080 886 3141 quam
903 3080 1039 3122 causam
1054 3061 1220 3123 bonorum
1237 3059 1356 3125 Safinii
1372 3064 1489 3126 Atellae

363 3177 554 3257 recepisset,
576 3177 737 3238 sescentis
756 3176 894 3238 milibus
922 3197 1099 3238 nummum
1120 3197 1154 3238 se
1173 3177 1335 3240 iudicium
1355 3199 1488 3261 corrup-

362 3295 477 3354 turum
498 3311 569 3353 esse
589 3290 724 3353 dixerat.
747 3291 826 3369 Quae
839 3312 914 3353 cum
929 3292 1111 3371 accepisset
1130 3312 1152 3355 c
1167 3292 1313 3375 pupillo,
1334 3314 1488 3375 suppres-

363 3410 426 3482 sit;
446 3406 635 3489 iudicioque
656 3409 742 3469 facto
762 3428 824 3467 nec
844 3405 968 3469 Safinio
999 3428 1059 3468 nec
1088 3407 1253 3470 bonorum
1282 3410 1488 3489 emptoribus

363 3522 539 3588 reddidit»,
561 3522 691 3584 Nomen
712 3523 783 3583 eius
807 3521 939 3583 videtur
965 3524 1003 3584 in
1031 3522 1244 3602 proverbium
1274 3523 1414 3599 abiisse;
1447 3528 1486 3589 of.

361 3637 428 3701 Cic.
448 3637 540 3701 Brut.
562 3638 647 3701 alc:
672 3637 763 3698 «Hoc
781 3656 860 3699 vero
888 3656 958 3698 non
985 3637 1145 3717 putabam
1164 3642 1196 3700 te
1216 3659 1321 3719 usque
1343 3640 1383 3702 ad
1403 3638 1486 3705 Sto-

360 3753 456 3817 ieocs
482 3756 514 3814 et
533 3753 714 3816 Autronios
735 3773 807 3814 esse
825 3757 1036 3815 venturum».
1058 3753 1122 3815 Hic
1143 3752 1298 3817 Staienus
1315 3760 1436 3832 autem,
1451 3761 1488 3821 ut

294 3890 298 3898 ’
360 3870 398 3930 in
417 3872 551 3948 gentem
570 3868 701 3930 Aeliam
720 3869 866 3949 irrepere
894 3872 1017 3949 posset,
1040 3890 1075 3932 se
1095 3869 1179 3931 falso
1199 3871 1332 3933 Aelium
1360 3872 1487 3935 Paetum

360 3983 557 4057 nominavit,
578 3988 617 4045 ut
636 3982 749 4046 Cicero
770 3987 913 4047 testatur
930 4004 991 4065 pro
1009 3983 1080 4047 Clu.
1102 3986 1163 4049 72:
1188 4010 1199 4042 l
1207 3986 1293 4063 Quid
1306 3991 1352 4061 tu,
1366 3988 1484 4069 inquit,

360 4097 475 4163 Paete?
501 4098 574 4161 Hoc
604 4101 695 4162 enim
724 4099 787 4162 sibi
816 4098 972 4162 Staienus
1002 4120 1188 4181 cognomen
1218 4122 1256 4163 ex
1282 4103 1486 4183 imaginibus

359 4214 532 4278 Aeliorum
561 4214 747 4295 delegerat»
772 4218 805 4277 et
823 4214 915 4277 Brut.
945 4215 1030 4278 All:
1055 4216 1115 4277 «Et
1134 4214 1167 4279 C.
1190 4214 1355 4292 Staienus,
1377 4219 1434 4299 qui
1452 4237 1486 4282 se

360 4327 433 4411 ipse
456 4328 680 4413 adoptaverat
709 4333 741 4391 et
770 4329 810 4392 de
840 4328 976 4392 Staieno
1006 4330 1138 4393 Aelium
1168 4332 1319 4395 fecerat.)
1351 4333 1485 4396 Persius

358 4443 470 4523 igitur,
492 4445 549 4525 qui
568 4464 628 4523 pro
649 4441 790 4507 Staieno
804 4444 886 4506 dixit
902 4440 1049 4525 Stoicos,
1062 4446 1193 4509 videtur
1212 4446 1391 4509 credidisse
1410 4467 1485 4509 eum
1542 4453 1545 4459 '
