3917 5475
488 679 538 732 111
767 674 774 682 ’
880 696 1030 743 1111111.
1049 694 1207 742 rea—125.

483 877 724 938 commentario
755 874 853 938 Probi
878 874 1004 938 Valerii
1033 874 1171 938 sublatae
1193 875 1346 956 legimus.
1371 897 1442 958 quae
1465 897 1611 959 sequun-

484 996 558 1056 tur:
581 989 703 1055 «Cuius
720 1010 837 1053 versus
855 991 893 1052 in
911 990 1078 1052 Neronem
1097 1009 1175 1052 cum
1193 990 1241 1052 ita
1260 1011 1295 1053 se
1315 991 1471 1054 haberet:
1496 991 1611 1056 couri·

484 1106 581 1172 culus
601 1106 694 1170 usiui
722 1103 818 1170 Mida
842 1123 905 1170 reu
930 1104 1063 1184 habet»,
1081 1106 1119 1167 in
1147 1125 1225 1168 eum
1252 1105 1433 1169 moduma
1462 1106 1610 1170 Cornuto

484 1223 558 1303 ipso
592 1224 725 1283 tantum
755 1221 893 1282 nomine
920 1223 1050 1282 mutato
1082 1224 1132 1282 est
1163 1221 1379 1285 emendatus:
1415 1222 1611 1286 «cumoculos

485 1335 577 1401 1111111
592 1335 670 1419 quis
690 1353 761 1400 ocu
781 1332 912 1410 habet»,
934 1354 977 1396 ne
997 1335 1059 1396 hoc
1078 1335 1115 1396 in
1135 1355 1170 1397 se
1189 1335 1275 1398 Nero
1288 1336 1414 1399 dictum
1434 1337 1610 1400 arbitrare·

483 1456 570 1515 tur».
598 1450 693 1513 Idem
721 1454 861 1512 narrant
888 1450 1016 1512 scholia
1040 1449 1083 1512 ad
1106 1451 1138 1513 h.
1158 1472 1227 1514 rs:
1256 1450 1340 1516 «Sed
1358 1451 1526 1515 Cornutus
1548 1453 1609 1514 hoc

484 1568 627 1632 mutavit
642 1568 690 1628 ita
709 1585 861 1647 ponens:
891 1565 1058 1628 auriculas
1087 1567 1175 1628 asini
1195 1567 1269 1647 quis
1288 1587 1357 1629 non
1378 1567 1509 1630 habet».
1528 1566 1608 1630 Haec

484 1683 631 1747 narratio
655 1680 847 1745 verisimilis
872 1701 943 1743 non
972 1683 1031 1743 est
1062 1681 1143 1743 Tota
1173 1682 1263 1745 enim
1292 1683 1394 1745 satira
1422 1682 1541 1762 prima.
1571 1686 1610 1744 ut

484 1801 553 1862 iam
572 1797 705 1860 exordio
729 1795 895 1870 docemur,
925 1796 1052 1858 nonin
1078 1816 1185 1858 unum
1214 1797 1395 1870 hominem,
1417 1795 1532 1860 sedin
1552 1817 1608 1859 eos

485 1933 610 1982 omnes.
632 1912 690 1994 qui
707 1915 787 1974 tunc
806 1912 967 1993 temporis
995 1910 1109 1986 ‚Romae
1135 1915 1194 1974 aut
1211 1912 1277 1993 ipsi
1297 1912 1532 1993 scriptitabant
1551 1915 1609 1974 aut

485 2028 682 2109 descriptis
713 2029 855 2091 aliorum
883 2031 972 2088 recte
1002 2025 1150 2089 iudicare
1182 2046 1279 2107 posse
1307 2027 1371 2090 sibi
1397 2026 1606 2100 videbantur,

483 2143 662 2207 invehitur.
685 2143 787 2206 Poeta
815 2143 918 2224 igitur
948 2141 1099 2204 stultitia
1128 2145 1208 2203 nota
1235 2161 1305 2204 non
1323 2162 1431 2204 unum
1451 2143 1606 2223 aliquem,

485 2257 543 2321 sed
562 2278 679 2321 omnes
697 2259 867 2321 Romanos
887 2256 1019 2319 afficere
1037 2256 1153 2346 voluit,
1173 2261 1306 2320 secutus
1322 2257 1511 2320 doctrinam
1524 2255 1607 2321 Stoi-

486 2394 609 2447 corum,
631 2374 688 2454 qui
706 2378 827 2454 prater
857 2373 1045 2452 sapientem
1075 2391 1192 2434 omnes
1221 2373 1375 2435 homines
1395 2373 1517 2436 stultos
1538 2391 1608 2434 esse

486 2488 706 2552 affirmabant.
736 2488 844 2567 Quare
873 2487 1101 2549 narrationem
1129 2485 1170 2548 dc
1199 2487 1346 2549 Cornuto
1374 2487 1479 2549 l'ersii
1509 2487 1608 2550 verba

486 2608 638 2668 mutante
657 2602 976 2667 commentatoribus
1004 2603 1073 2664 illis
1101 2603 1313 2666 tribuendam
1332 2609 1428 2688 putor
1446 2604 1513 2684 qui.
1535 2609 1573 2665 ut
1591 2623 1607 2663 e

486 2719 622 2784 scholiis
639 2721 755 2792 elucet,
769 2720 806 2781 in
823 2720 925 2782 satira
936 2719 1046 2801 prima
1063 2719 1176 2782 omnia
1193 2718 1235 2782 ad
1250 2719 1416 2783 Neronem
1437 2740 1510 2783 esse
1527 2720 1608 2782 refe-

485 2836 589 2900 renda
609 2836 672 2899 sibi
690 2839 940 2917 persuaserunt,
955 2834 1044 2916 quod
1061 2835 1212 2897 evincere
1230 2834 1401 2898 studentes
1415 2856 1469 2898 res
1482 2834 1607 2915 excogi-

485 2955 641 3014 taverunt
668 2950 934 3014 absurdissimas.
955 2987 1000 2993 —
1024 2946 1098 3013 Hoc
1123 2967 1184 3035 eqo
1217 2954 1380 3034 opertum,
1410 2950 1474 3013 hoc
1504 2969 1606 3013 secre-

485 3072 558 3130 tum
569 3089 577 3142 ;
595 3066 727 3129 videtur
746 3067 910 3148 respicere
929 3065 1049 3129 Ovidii
1067 3066 1168 3128 verba
1193 3087 1293 3147 supra
1313 3066 1415 3129 allata
1434 3064 1526 3143 (Met
1553 3064 1604 3127 Xl

488 3185 591 3263 189.):
617 3181 809 3248 «scrobibus
829 3182 950 3244 tacitus
967 3180 1108 3243 discedit
1127 3180 1252 3264 opertis
1259 3206 1284 3245 1,
1298 3218 1342 3225 -
1357 3179 1470 3245 cidere
1482 3198 1605 3257 meum,

485 3298 671 3362 infinitivus
690 3319 750 3380 pro
771 3298 998 3371 substantium
1019 3298 1059 3360 cf.
1081 3317 1152 3378 quae
1170 3318 1270 3378 supra
1290 3296 1331 3359 ad
1349 3318 1396 3360 vs.
1418 3300 1447 3361 9.
1470 3295 1606 3360 adnota-

483 3415 603 3478 vimus.
623 3450 668 3457 —
688 3413 839 3493 1111111111,
859 3412 948 3494 quod
975 3412 1052 3474 aliis
1083 3412 1210 3474 nullius
1238 3413 1402 3475 momenti
1427 3432 1499 3476 esse
1518 3410 1605 3475 vide·

484 3534 548 3593 tur.
568 3567 613 3574 —-
631 3528 730 3593 uuilu
752 3528 813 3593 tibi
831 3526 939 3592 ueudo
958 3526 1081 3606 iliade,
1106 3528 1318 3590 referendum
1338 3531 1387 3591 est
1407 3527 1449 3590 ad
1467 3526 1606 3591 lliadem

484 3646 568 3709 Attii
587 3645 761 3719 Labeonis,
783 3644 823 3706 de
843 3664 908 3725 quc
926 3643 1002 3707 vide
1023 3643 1275 3707 adnotationem
1295 3643 1337 3705 ad
1354 3664 1401 3706 vs.
1423 3645 1453 3706 l.

538 3760 658 3826 Finis
678 3763 717 3838 (v.
741 3760 937 3837 123—134.)
966 3757 1039 3823 Has
1069 3760 1196 3824 euticus
1224 3759 1253 3823 is·
1283 3759 1383 3844 119111,
1407 3757 1467 3842 qui
1485 3756 1604 3823 ueteris

486 3875 657 3941 coucoediae
676 3873 797 3939 Attice
816 3877 981 3955 caeterea,
1002 3893 1087 3958 quos
1107 3874 1300 3960 1111911911
1320 3874 1477 3958 exemplu
1497 3872 1604 3957 sequi-

487 3991 995 4073 11111111111111111111111111,
1018 4010 1089 4055 uou
1116 3990 1179 4067 iili,
1209 3991 1269 4074 qui
1294 3991 1336 4054 ub
1356 3989 1451 4054 omui
1472 3984 1605 4054 liberali

486 4103 640 4170 doctriua
660 4105 766 4170 alicui
788 4109 877 4171 suut.
897 4104 969 4170 Hos
995 4110 1098 4189 poete
1125 4105 1213 4170 uitii
1241 4109 1338 4171 curui
1366 4124 1518 4189 situsque
1541 4101 1604 4167 sibi

484 4240 539 4285 res
559 4219 683 4285 hebere
697 4221 799 4286 iubet.

418 4395 421 4400 1
537 4335 574 4400 V.
600 4336 938 4402 113-115111111111·
968 4338 1174 4422 quicumque
1203 4335 1329 4422 odlloie
1360 4331 1502 4401 Cretum
1528 4333 1603 4399 1111-

486 4453 557 4515 ium
577 4450 781 4534 Eupolidem
796 4453 1000 4537 proeqruudi
1013 4472 1090 4516 euru
1106 4472 1181 4517 seue
1197 4452 1361 4537 cellesis
1379 4451 1499 4513 satiras
1514 4466 1604 4513 meas
