3917 5475
796 630 906 700 erum
921 633 944 676 1.
958 630 1081 678 sa-es.
1463 621 1498 672 99

371 805 528 886 partium,
550 803 639 885 quod
657 806 802 867 maxime
820 806 858 868 fit
877 809 1012 871 casuris
1028 813 1104 891 apte
1121 810 1301 894 dispositis.
1323 813 1497 880 Sententia

370 921 475 1000 igitur
492 921 741 983 interlocutoris
760 926 866 1002 poetae
882 923 974 986 illius
994 927 1154 1006 temporis
1173 929 1328 992 meliores
1346 932 1498 996 fecerunt
1548 1003 1552 1018 ⁸

370 1055 497 1109 versus,
519 1055 620 1117 quam
643 1038 780 1117 priores,
801 1074 846 1080 —
864 1037 1124 1120 mediaremus
1149 1047 1324 1123 poetarum
1346 1049 1497 1130 priorum

370 1153 520 1232 appellat
543 1153 762 1216 interlocutor
790 1153 926 1236 crudae,
946 1155 979 1218 id
1005 1160 1072 1220 est:
1103 1158 1175 1220 sine
1199 1165 1269 1222 arte
1290 1162 1403 1237 factos,
1425 1166 1496 1246 qui-

370 1267 434 1330 bus
453 1268 655 1331 recentiores
676 1269 865 1333 addiderint
884 1270 1037 1334 decorem
1057 1277 1090 1334 et
1108 1273 1306 1339 iuncturam.
1320 1315 1365 1322 —-
1385 1275 1494 1344 Clau-

369 1382 449 1448 dere
480 1384 530 1448 sic
559 1403 694 1449 versum
728 1391 788 1450 etc.
819 1387 1043 1451 Interlocutor
1076 1396 1314 1455 commemorat
1347 1397 1496 1460 carmina

370 1501 550 1580 aequalium
581 1506 757 1582 poetarum
787 1503 860 1575 tria,
893 1504 1025 1567 curiosa
1055 1525 1212 1568 versuum
1242 1509 1495 1588 pangendorum

370 1619 442 1678 arte
461 1617 610 1696 insignia
630 1638 734 1699 eoque
754 1623 904 1701 tempore
920 1620 1106 1695 notissima,
1128 1621 1224 1684 nobis
1250 1622 1375 1703 ignota.
1405 1625 1495 1689 Titu-
1515 1625 1517 1630 ’

371 1734 421 1795 los
440 1733 532 1813 ipsos
549 1735 736 1796 carminum
756 1755 825 1797 non
851 1734 951 1809 addit,
974 1734 1032 1798 sed
1060 1737 1159 1799 verba
1186 1739 1351 1800 nonnulla
1369 1741 1495 1820 profert

370 1870 409 1911 ex
429 1849 634 1911 carminibus
653 1850 721 1912 illis
742 1850 948 1932 deprompta,
969 1851 1058 1914 undo
1082 1852 1221 1916 lectores
1250 1855 1402 1936 aequales,
1424 1857 1494 1937 qui·

369 1965 432 2027 bus
451 1966 524 2027 noti
545 1969 641 2027 erant
658 1966 750 2028 illius
770 1967 930 2048 temporis
954 1970 1070 2048 poetae,
1092 1969 1205 2031 statim
1223 1969 1417 2050 intellegere
1436 1992 1495 2053 po·

371 2085 516 2155 luerunt,
539 2080 659 2161 quibus
679 2081 718 2143 de
739 2081 943 2144 carminibus
963 2086 1125 2162 ageretur.
1147 2082 1254 2161 Quare
1273 2104 1337 2148 vss.
1353 2086 1493 2151 93—95.

369 2200 417 2261 ita
438 2201 517 2261 sunt
531 2196 799 2279 interpretandi:
828 2196 986 2260 «Versum
1007 2218 1205 2279 componere
1226 2201 1272 2263 sic
1291 2199 1407 2263 didicit
1425 2221 1494 2264 car-

368 2334 449 2376 men
468 2313 561 2380 illud.
582 2314 639 2376 ubi
659 2314 819 2377 occurrit:
840 2310 1064 2396 Berecyntius
1085 2311 1186 2394 Artis,
1207 2320 1239 2377 et
1257 2316 1350 2391 illud,
1371 2317 1429 2380 ubi
1447 2319 1493 2380 le·

369 2432 478 2512 gitur:
498 2430 558 2516 qai
577 2430 760 2494 ceruleum
780 2426 966 2493 dirimebat
985 2425 1101 2494 Nereo
1117 2426 1276 2513 (lelohim
1295 2433 1341 2495 sic
1359 2453 1492 2496 versum

369 2567 569 2629 componere
589 2546 705 2609 didicit
725 2546 826 2608 etiam
854 2545 946 2619 illud,
968 2545 1026 2608 ubi
1054 2547 1214 2627 legimus:
1243 2551 1371 2612 costam
1392 2549 1492 2634 101190

367 2662 599 2729 subduximus
619 2661 833 2747 Apennino».
854 2660 1016 2726 Similiter
1039 2668 1277 2727 commemorat
1302 2664 1493 2728 1111111111-

368 2782 467 2844 deam
497 2779 610 2844 Cicero
634 2778 683 2841 De
702 2778 749 2841 fin
769 2778 792 2840 1.
815 2779 844 2848 t,
867 2778 905 2841 5:
930 2779 1033 2842 «Autz
1071 2774 1209 2844 Uticam
1228 2801 1270 2844 aa
1290 2780 1493 2860 intremere,
1609 2808 1618 2821 ·

366 2899 476 2962 nihilo
496 2897 609 2959 minus
629 2896 779 2975 legimus,
801 2913 901 2975 quam
921 2894 983 2956 hoc
1002 2894 1091 2957 idem
1112 2893 1293 2970 Graecum»,
1307 2896 1365 2959 ubi
1384 2896 1492 2960 dicere

367 3014 529 3078 debebat:
554 3010 787 3091 «Tragoediam,
805 3010 864 3072 ubi
883 3010 1023 3091 legitur:
1049 3006 1189 3076 Utinam
1207 3031 1249 3076 aa
1268 3012 1304 3075 111
1322 3030 1490 3078 accitare».

368 3128 466 3209 Quod
493 3130 606 3191 autem
634 3126 782 3188 carmina
808 3126 893 3206 ipsa,
917 3146 988 3188 non
1014 3130 1120 3207 poetae
1152 3128 1346 3200 carminum,
1376 3148 1491 3191 versus

367 3266 569 3328 componere
589 3243 743 3306 didicisse
765 3240 929 3315 dicuntur,
950 3242 1090 3305 minime
1115 3262 1176 3305 nos
1197 3220 1374 3304 offendere
1381 3245 1492 3323 potest

367 3361 458 3445 apud
477 3360 638 3431 Persium,
657 3359 713 3440 qui
733 3358 820 3419 infra
838 3377 902 3419 vss.
927 3357 1110 3431 105-106.
1132 3358 1280 3446 carmina
1301 3355 1444 3439 (Maeaas
1463 3359 1493 3421 ei

367 3477 472 3559 Artis)
505 3477 656 3559 pluteum
692 3493 761 3535 non
790 3472 913 3535 caedere
943 3473 1095 3545 affirmat,
1127 3474 1185 3536 ubi
1213 3473 1320 3536 dicere
1352 3472 1492 3536 debebat

366 3596 566 3675 scriptorem
578 3592 698 3653 talium
717 3589 903 3651 carminum
922 3589 1076 3670 pluteum
1095 3610 1164 3682 non
1184 3588 1316 3651 cadere.
1330 3625 1374 3631 —
1389 3584 1490 3652 Cluu-

365 3711 446 3776 dere
465 3709 513 3774 sic
531 3727 668 3772 versum
688 3704 819 3787 didicit,
838 3706 902 3767 hoc
921 3706 994 3767 loco
1019 3723 1154 3769 eversum
1184 3702 1341 3768 ‹vlaadere
1360 3724 1429 3767 non
1449 3703 1491 3766 ad

366 3828 494 3900 exitum
515 3824 624 3887 solum
643 3842 799 3884 versuum
820 3826 871 3884 est
898 3796 1121 3895 referendum,
1144 3820 1202 3884 sed
1230 3820 1272 3883 ad
1299 3821 1491 3882 universam

364 3963 483 4008 versus
502 3938 673 4022 pangendi
701 3941 815 4012 artem,
837 3936 992 4019 idemque
1022 3937 1195 4019 significat,
1217 3935 1325 4017 quod:
1354 3953 1490 4001 uersum

364 4075 579 4141 componere,
599 4059 637 4117 ut
656 4053 746 4135 apud
763 4053 844 4117 Hor.
867 4052 933 4117 Sat.
952 4054 977 4116 Ι.
999 4054 1029 4127 l,
1050 4055 1112 4118 40:
1133 4049 1331 4118 cosaeloaere
1353 4069 1491 4116 uersam

366 4173 554 4256 significat:
582 4170 682 4233 verba
710 4169 851 4251 pedibus
871 4168 1056 4233 claudendo
1083 4188 1217 4232 versum
1245 4166 1393 4241 efficere3
1418 4166 1490 4247 ipse

365 4292 458 4368 enim
477 4287 640 4350 Horatius
659 4286 740 4348 dicit
759 4285 837 4347 alibi
867 4283 946 4364 (Sat.
967 4284 1008 4349 IL
1034 4285 1059 4359 1,
1081 4286 1153 4363 tssl:
1187 4302 1257 4347 «me
1276 4280 1416 4363 pedibus
1435 4278 1490 4342 de-

257 4482 262 4489 ,
367 4408 469 4469 lectat
488 4402 642 4466 claudere
662 4401 803 4476 verba»;
825 4401 864 4463 cf.
886 4400 989 4462 etiam
1012 4398 1092 4463 Hor.
1115 4397 1181 4463 Sat.
1202 4397 1226 4461 Ι.
1252 4398 1299 4472 10,
1321 4397 1382 4459 59:
1416 4416 1491 4476 «pe-

1385 4517 1419 4569 7*
