3917 5475
460 675 512 728 2¹2
889 694 998 739 serim
1014 694 1056 740 Π.
1074 692 1162 738 e—e.

511 871 548 934 V.
570 873 667 936 6—9.
687 871 749 935 ubi
767 871 938 934 commota
956 869 1062 954 feruet
1071 868 1253 952 plebecula
1273 867 1348 943 bile,
1368 887 1444 930 curn
1458 869 1494 931 in
1507 888 1586 932 con-

460 988 555 1050 cione
567 987 713 1067 populus
725 986 766 1049 ob
780 1005 915 1048 causam
929 985 1077 1066 aliquem
1089 985 1195 1046 iratus
1208 984 1434 1046 tumultuatur
1450 1020 1494 1026 —-
1512 983 1586 1066 fcr-

461 1101 512 1163 cel
528 1149 534 1161 .
550 1148 580 1162 ..
604 1099 677 1175 bile,
698 1102 737 1161 ut
756 1098 845 1179 apud
864 1097 944 1160 Hor.
967 1095 1075 1160 Germ.
1093 1097 1117 1159 I.
1140 1097 1188 1166 13,
1210 1097 1251 1160 4:
1275 1095 1439 1159 «Feruens
1459 1097 1587 1160 difficili

461 1215 527 1277 bile
547 1217 654 1277 tumet
677 1215 797 1276 iecur.»
820 1249 864 1256 —
879 1211 1072 1296 plebecula,
1091 1212 1320 1292 contemptim,
1343 1215 1380 1273 ut
1399 1211 1489 1292 apud
1520 1211 1586 1275 Cio.

462 1329 512 1392 Ad
531 1329 597 1392 Att.
618 1329 643 1392 L
668 1329 716 1403 16,
742 1328 799 1392 ll:
823 1329 964 1390 «misera
984 1348 1023 1403 ao
1041 1328 1155 1390 ieiuna
1168 1327 1360 1407 plebecula»
1378 1331 1411 1389 et
1422 1326 1503 1390 Hor.
1524 1328 1586 1408 Ep.

462 1444 503 1507 ll.
528 1444 555 1514 1,
579 1443 773 1507 185-186:

544 1573 577 1634 Si
598 1572 751 1633 discordet
773 1591 874 1649 eques,
896 1571 1000 1631 media
1020 1574 1103 1631 inter
1123 1574 1262 1633 carmine
1282 1577 1415 1649 poscunt

544 1691 607 1750 Aut
627 1709 733 1748 ursum
755 1693 808 1748 aut
829 1689 964 1764 pugiles3
988 1689 1037 1748 his
1059 1707 1133 1747 nam
1154 1689 1313 1763 plebecula
1333 1690 1453 1764 gaudet.

471 1943 509 1950 -ψ
527 1903 607 1970 Fert
626 1904 778 1976 unimus.
799 1905 927 1985 epicam
948 1906 1147 1985 gravitatem
1163 1905 1289 1968 ironice
1306 1906 1459 1968 imitetur
1473 1909 1590 1986 poetass

466 2024 505 2086 of.
527 2022 584 2085 Ov.
605 2020 685 2084 Met.
706 2021 731 2084 L
755 2022 792 2085 1:
817 2020 874 2083 «ln
893 2041 980 2085 nova
1001 2023 1064 2084 fert
1083 2022 1217 2083 animus
1236 2024 1383 2084 mutatas
1399 2021 1508 2084 dicere
1525 2023 1591 2084 for-

466 2157 538 2200 mas
562 2135 740 2218 Corpore·›;
766 2136 889 2199 Lucan.
915 2133 939 2199 I.
966 2139 1028 2201 67:
1056 2137 1153 2199 «Fert
1177 2139 1310 2199 enimus
1341 2157 1458 2200 causes
1481 2140 1592 2200 tanta-

468 2274 541 2316 rum
568 2273 759 2334 expromere
786 2266 926 2316 rerum.»
950 2290 994 2296 —
1014 2250 1154 2317 calide.
1174 2302 1206 2316 ..
1229 2253 1348 2332 turben,
1367 2252 1492 2333 populo
1513 2273 1591 2315 con-

468 2371 578 2436 citato,
600 2369 752 2443 detivue;
782 2370 821 2431 of.
851 2368 932 2431 Hor.
957 2367 1024 2431 Sat.
1046 2368 1071 2432 L
1096 2369 1125 2436 3.
1147 2369 1209 2432 53:
1234 2367 1385 2431 «Oeldior
1407 2371 1477 2432 eet:
1505 2370 1593 2431 aeris

469 2488 556 2548 inter
570 2487 796 2547 numeretur».
817 2519 861 2526 —
879 2482 997 2568 fecisse
1015 2483 1163 2563 silentia,
1182 2487 1220 2545 ut
1239 2484 1345 2546 Pleut.
1366 2484 1486 2564 Amph.
1504 2484 1589 2564 prol.

474 2601 531 2664 15:
556 2599 661 2662 «Huic
680 2600 810 2661 facietis
834 2599 954 2661 fabulae
984 2599 1173 2662 silentium»
1181 2622 1188 2673 ;
1216 2599 1289 2662 Tac.
1319 2599 1406 2661 Hist.
1440 2599 1498 2662 Ill.
1529 2601 1592 2664 ec:

474 2717 547 2780 cubi
568 2715 726 2797 adspectu
746 2716 779 2776 et
798 2713 994 2777 euotoritate
1014 2713 1187 2776 silentium
1206 2715 1360 2777 feceret».
1383 2711 1512 2779 Fecisse
1530 2735 1592 2796 pro

468 2833 589 2917 facere,
608 2834 647 2893 ut
665 2830 689 2893 Ι.
711 2831 773 2893 42:
798 2849 853 2893 coe
871 2830 989 2910 populi
1007 2831 1203 2904 meruissem
1221 2831 1260 2893 of.
1278 2830 1530 2893 adnotationem
1550 2830 1593 2893 ad

469 2950 500 3010 h.
528 2947 550 3011 l.
579 2982 624 2990 —
651 2944 828 3009 Maiestate
856 2961 994 3022 marcac,
1021 2963 1124 3005 menu
1152 2964 1226 3007 oum
1255 2944 1418 3025 dignitate
1447 2944 1592 3025 quadam

469 3063 600 3126 sublate
611 3084 619 3137 ;
639 3063 787 3122 oratores
807 3059 897 3121 enim
916 3059 953 3120 in
972 3060 1131 3121 concione
1144 3079 1248 3121 manu
1268 3060 1398 3123 sublate
1419 3060 1593 3123 silentium

469 3178 658 3259 poscebent.
680 3174 727 3238 Cf.
750 3174 806 3237 Ov.
828 3172 905 3237 Met.
927 3174 952 3237 I.
974 3175 1058 3239 205:
1083 3176 1158 3255 oqui
1177 3178 1354 3255 postquam
1373 3196 1453 3239 voce
1473 3196 1592 3238 menu-

470 3316 532 3375 que
552 3291 725 3356 Murmure
741 3292 945 3372 compressit,
960 3295 1098 3354 tenuere
1112 3292 1246 3355 silentia
1258 3293 1402 3367 ouncti»;
1416 3292 1489 3357 Tac.
1503 3295 1590 3358 Ann.

469 3411 494 3473 Ι.
517 3410 579 3473 25:
604 3408 731 3471 «stabat
748 3408 877 3470 Drusus
898 3407 1070 3470 silentium
1093 3428 1197 3471 manu
1224 3429 1399 3489 poscens»;
1419 3409 1543 3472 Lucan.
1565 3411 1591 3475 I.

471 3528 554 3589 997:
579 3525 779 3587 «tumultum
799 3522 995 3603 Composuit
1006 3524 1102 3586 vultu
1114 3524 1292 3604 dextraque
1310 3524 1444 3587 silentia
1459 3526 1592 3601 iussit»;

470 3642 578 3704 Amm.
599 3638 699 3702 Marc.
720 3637 835 3701 XXVI.
858 3639 896 3701 l:
921 3637 1205 3710 «Valentinianus,
1234 3639 1464 3720 praemeditata
1483 3640 1592 3703 dicere

471 3776 603 3837 parens,
623 3754 816 3817 bracchium
838 3756 981 3815 exsertat
1001 3756 1034 3814 et
1053 3754 1140 3815 elata
1159 3773 1317 3835 prospere
1337 3754 1471 3817 dextere
1489 3775 1593 3817 ausus

471 3873 643 3951 inerepare
664 3868 856 3951 quosdam».
876 3904 920 3911 —
943 3865 1035 3946 Quid
1053 3867 1173 3933 deinde
1192 3866 1354 3951 loquercl
1373 3867 1498 3943 Scione,
1513 3870 1594 3950 quid

472 3987 533 4049 tibi
560 3984 765 4067 loquendum
794 3986 861 4047 sit?
890 3982 1022 4047 Satisne
1050 3989 1255 4065 praeparatus
1283 3986 1320 4046 in
1344 3988 1451 4047 rostra
1480 4004 1593 4047 escen-

473 4102 576 4165 distil
594 4136 638 4143 —
661 4098 818 4177 Quirites,
840 4099 936 4172 cives,
957 4116 1027 4160 non
1055 4099 1143 4161 cives
1171 4100 1333 4174 Romani;
1363 4100 1474 4180 agitur
1501 4100 1593 4163 enim

474 4218 514 4280 de
534 4215 659 4279 civibus
678 4214 949 4277 Atheniensibus,
971 4211 1018 4276 cf.
1039 4214 1134 4295 Verg.
1165 4215 1223 4279 Ge.
1252 4214 1306 4278 IV.
1337 4215 1521 4281 eol-eoa.
1552 4214 1593 4277 de

475 4332 612 4414 apibus:
637 4331 734 4410 «ipseo
754 4349 865 4409 regem
889 4350 1074 4411 parvosque
1103 4330 1248 4409 Quirites
1277 4330 1455 4394 Sufficiunt
1483 4327 1593 4391 aulas-

475 4468 537 4529 que
559 4449 591 4508 et
611 4465 704 4507 ceree
734 4463 835 4523 regne
863 4444 1038 4525 refigunt».
1058 4482 1102 4488 -
1121 4443 1217 4509 Hoc.
1237 4496 1243 4508 .
1265 4496 1271 4509 .
1292 4464 1362 4509 stoc
1388 4445 1517 4510 iustum
1536 4446 1593 4520 est,
