<?xml version="1.0" encoding="UTF-8"?>
<!DOCTYPE html PUBLIC "-//W3C//DTD XHTML 1.0 Transitional//EN"
    "http://www.w3.org/TR/xhtml1/DTD/xhtml1-transitional.dtd">
<html xmlns="http://www.w3.org/1999/xhtml" xml:lang="en" lang="en">
 <head>
  <title>
</title>
<meta http-equiv="Content-Type" content="text/html;charset=utf-8" />
  <meta name='ocr-system' content='tesseract 3.04.00' />
  <meta name='ocr-capabilities' content='ocr_page ocr_carea ocr_par ocr_line ocrx_word'/>
</head>
<body>
  <div class='ocr_page' id='page_1' title='image "./satirae00persgoog_0055.png"; bbox 0 0 3917 5475; ppageno 0'>
   <div class='ocr_carea' id='block_1_1' title="bbox 787 642 1483 706">
    <p class='ocr_par' dir='ltr' id='par_1_1' title="bbox 787 642 1483 706">
     <span class='ocr_line' id='line_1_1' title="bbox 787 642 1483 706; baseline -0.009 -6"><span class='ocrx_word' id='word_1_1' title='bbox 787 659 950 702; x_wconf 79' lang='lat' dir='ltr'>Pnonoors</span> <span class='ocrx_word' id='word_1_2' title='bbox 966 656 1057 706; x_wconf 77' lang='lat'><strong>4—7.</strong></span> <span class='ocrx_word' id='word_1_3' title='bbox 1449 642 1483 695; x_wconf 82' lang='grc'>49</span> 
     </span>
    </p>
   </div>
   <div class='ocr_carea' id='block_1_2' title="bbox 354 826 1508 3465">
    <p class='ocr_par' dir='ltr' id='par_1_2' title="bbox 354 826 1508 3465">
     <span class='ocr_line' id='line_1_2' title="bbox 357 826 1481 915; baseline 0.004 -16"><span class='ocrx_word' id='word_1_4' title='bbox 357 842 427 899; x_wconf 91' lang='lat' dir='ltr'>tem</span> <span class='ocrx_word' id='word_1_5' title='bbox 444 826 555 899; x_wconf 79' lang='lat' dir='ltr'>Musis</span> <span class='ocrx_word' id='word_1_6' title='bbox 580 835 712 897; x_wconf 86' lang='lat' dir='ltr'>sacrum</span> <span class='ocrx_word' id='word_1_7' title='bbox 741 856 813 897; x_wconf 86' lang='lat' dir='ltr'>esse</span> <span class='ocrx_word' id='word_1_8' title='bbox 842 839 985 897; x_wconf 89' lang='lat' dir='ltr'>testatur</span> <span class='ocrx_word' id='word_1_9' title='bbox 1014 834 1095 898; x_wconf 80' lang='lat' dir='ltr'>Stat.</span> <span class='ocrx_word' id='word_1_10' title='bbox 1127 835 1204 900; x_wconf 85' lang='lat' dir='ltr'>Silv.</span> <span class='ocrx_word' id='word_1_11' title='bbox 1226 838 1249 900; x_wconf 91' lang='lat' dir='ltr'>I.</span> <span class='ocrx_word' id='word_1_12' title='bbox 1271 840 1300 905; x_wconf 75' lang='lat' dir='ltr'>l.</span> <span class='ocrx_word' id='word_1_13' title='bbox 1322 841 1384 915; x_wconf 52' lang='lat'>273</span> <span class='ocrx_word' id='word_1_14' title='bbox 1406 862 1481 903; x_wconf 91' lang='lat' dir='ltr'>eum</span> 
     </span>
     <span class='ocr_line' id='line_1_3' title="bbox 357 951 1508 1033; baseline 0.003 -19"><span class='ocrx_word' id='word_1_15' title='bbox 357 972 489 1033; x_wconf 88' lang='lat' dir='ltr'>quoque</span> <span class='ocrx_word' id='word_1_16' title='bbox 509 951 629 1032; x_wconf 81' lang='lat' dir='ltr'>Pegasi</span> <span class='ocrx_word' id='word_1_17' title='bbox 649 951 775 1031; x_wconf 86' lang='lat' dir='ltr'>ungula</span> <span class='ocrx_word' id='word_1_18' title='bbox 795 955 1004 1031; x_wconf 86' lang='lat' dir='ltr'>procreatum</span> <span class='ocrx_word' id='word_1_19' title='bbox 1034 956 1148 1015; x_wconf 88' lang='lat' dir='ltr'>narrat</span> <span class='ocrx_word' id='word_1_20' title='bbox 1167 953 1257 1016; x_wconf 89' lang='lat' dir='ltr'>idem</span> <span class='ocrx_word' id='word_1_21' title='bbox 1277 952 1358 1019; x_wconf 85' lang='lat' dir='ltr'>Stat.</span> <span class='ocrx_word' id='word_1_22' title='bbox 1379 956 1478 1019; x_wconf 79' lang='lat' dir='ltr'>Theb.</span> <span class='ocrx_word' id='word_1_23' title='bbox 1503 951 1508 960; x_wconf 80' lang='lat'>&#39;</span> 
     </span>
     <span class='ocr_line' id='line_1_4' title="bbox 356 1066 1480 1151; baseline 0.004 -22"><span class='ocrx_word' id='word_1_24' title='bbox 356 1068 410 1131; x_wconf 78' lang='lat' dir='ltr'>IV.</span> <span class='ocrx_word' id='word_1_25' title='bbox 433 1070 485 1132; x_wconf 84' lang='grc'>60.</span> <span class='ocrx_word' id='word_1_26' title='bbox 508 1087 554 1148; x_wconf 89' lang='lat' dir='ltr'>sq.</span> <span class='ocrx_word' id='word_1_27' title='bbox 576 1067 685 1145; x_wconf 81' lang='lat' dir='ltr'>Quare</span> <span class='ocrx_word' id='word_1_28' title='bbox 704 1066 838 1129; x_wconf 81' lang='lat' dir='ltr'>Persius</span> <span class='ocrx_word' id='word_1_29' title='bbox 858 1067 935 1129; x_wconf 86' lang='lat' dir='ltr'>huic</span> <span class='ocrx_word' id='word_1_30' title='bbox 955 1087 1087 1149; x_wconf 86' lang='lat' dir='ltr'>quoque</span> <span class='ocrx_word' id='word_1_31' title='bbox 1118 1070 1204 1131; x_wconf 90' lang='lat' dir='ltr'>fonti</span> <span class='ocrx_word' id='word_1_32' title='bbox 1229 1071 1297 1132; x_wconf 86' lang='lat' dir='ltr'>vim</span> <span class='ocrx_word' id='word_1_33' title='bbox 1315 1071 1480 1151; x_wconf 87' lang='lat' dir='ltr'>poetieam</span> 
     </span>
     <span class='ocr_line' id='line_1_5' title="bbox 356 1180 1481 1267; baseline 0.003 -21"><span class='ocrx_word' id='word_1_34' title='bbox 356 1184 483 1247; x_wconf 89' lang='lat' dir='ltr'>tribuit.</span> <span class='ocrx_word' id='word_1_35' title='bbox 504 1182 589 1245; x_wconf 84' lang='lat' dir='ltr'>Eam</span> <span class='ocrx_word' id='word_1_36' title='bbox 603 1180 779 1265; x_wconf 79' lang='lat' dir='ltr'><em>pallidam</em></span> <span class='ocrx_word' id='word_1_37' title='bbox 800 1186 904 1252; x_wconf 80' lang='lat' dir='ltr'>vocat.</span> <span class='ocrx_word' id='word_1_38' title='bbox 919 1184 998 1264; x_wconf 90' lang='lat' dir='ltr'>quia</span> <span class='ocrx_word' id='word_1_39' title='bbox 1016 1188 1122 1267; x_wconf 85' lang='lat' dir='ltr'>poetae</span> <span class='ocrx_word' id='word_1_40' title='bbox 1142 1184 1258 1265; x_wconf 77' lang='lat' dir='ltr'>pallidi</span> <span class='ocrx_word' id='word_1_41' title='bbox 1280 1206 1352 1249; x_wconf 86' lang='lat' dir='ltr'>esse</span> <span class='ocrx_word' id='word_1_42' title='bbox 1372 1187 1481 1249; x_wconf 88' lang='lat' dir='ltr'>solent</span> 
     </span>
     <span class='ocr_line' id='line_1_6' title="bbox 356 1298 1472 1382; baseline 0.002 -20"><span class='ocrx_word' id='word_1_43' title='bbox 356 1298 478 1362; x_wconf 88' lang='lat' dir='ltr'>studiis</span> <span class='ocrx_word' id='word_1_44' title='bbox 498 1300 673 1361; x_wconf 73' lang='lat' dir='ltr'>nocturnis</span> <span class='ocrx_word' id='word_1_45' title='bbox 684 1325 691 1376; x_wconf 90' lang='lat'>;</span> <span class='ocrx_word' id='word_1_46' title='bbox 712 1301 751 1362; x_wconf 86' lang='lat' dir='ltr'>of.</span> <span class='ocrx_word' id='word_1_47' title='bbox 774 1299 1028 1362; x_wconf 71' lang='lat' dir='ltr'>adnotationem</span> <span class='ocrx_word' id='word_1_48' title='bbox 1048 1298 1132 1362; x_wconf 85' lang='lat' dir='ltr'>adl.</span> <span class='ocrx_word' id='word_1_49' title='bbox 1155 1302 1217 1364; x_wconf 71' lang='lat'>026:</span> <span class='ocrx_word' id='word_1_50' title='bbox 1233 1302 1375 1382; x_wconf 78' lang='lat' dir='ltr'>«pallor»</span> <span class='ocrx_word' id='word_1_51' title='bbox 1401 1306 1432 1364; x_wconf 90' lang='lat' dir='ltr'>et</span> <span class='ocrx_word' id='word_1_52' title='bbox 1444 1302 1472 1363; x_wconf 83' lang='lat' dir='ltr'>V</span> 
     </span>
     <span class='ocr_line' id='line_1_7' title="bbox 355 1398 1480 1499; baseline 0.003 -22"><span class='ocrx_word' id='word_1_53' title='bbox 355 1416 418 1479; x_wconf 83' lang='lat'>55:</span> <span class='ocrx_word' id='word_1_54' title='bbox 445 1414 622 1495; x_wconf 89' lang='lat' dir='ltr'>«pallentis</span> <span class='ocrx_word' id='word_1_55' title='bbox 641 1434 745 1493; x_wconf 88' lang='lat' dir='ltr'>grana</span> <span class='ocrx_word' id='word_1_56' title='bbox 770 1414 915 1476; x_wconf 81' lang='lat' dir='ltr'>cumini»</span> <span class='ocrx_word' id='word_1_57' title='bbox 941 1398 1009 1476; x_wconf 85' lang='lat' dir='ltr'>etl</span> <span class='ocrx_word' id='word_1_58' title='bbox 1042 1414 1101 1478; x_wconf 82' lang='lat'>17:</span> <span class='ocrx_word' id='word_1_59' title='bbox 1126 1415 1269 1496; x_wconf 82' lang='lat' dir='ltr'>«liquido</span> <span class='ocrx_word' id='word_1_60' title='bbox 1298 1438 1373 1478; x_wconf 92' lang='lat' dir='ltr'>cum</span> <span class='ocrx_word' id='word_1_61' title='bbox 1392 1418 1480 1499; x_wconf 89' lang='lat' dir='ltr'>plas-</span> 
     </span>
     <span class='ocr_line' id='line_1_8' title="bbox 355 1527 1480 1612; baseline 0.001 -18"><span class='ocrx_word' id='word_1_62' title='bbox 355 1534 465 1594; x_wconf 86' lang='lat' dir='ltr'>mate»</span> <span class='ocrx_word' id='word_1_63' title='bbox 491 1533 523 1592; x_wconf 91' lang='lat' dir='ltr'>et</span> <span class='ocrx_word' id='word_1_64' title='bbox 542 1530 637 1611; x_wconf 89' lang='lat' dir='ltr'>Prop.</span> <span class='ocrx_word' id='word_1_65' title='bbox 660 1529 712 1592; x_wconf 88' lang='lat' dir='ltr'>IV.</span> <span class='ocrx_word' id='word_1_66' title='bbox 735 1532 764 1596; x_wconf 88' lang='lat'>7.</span> <span class='ocrx_word' id='word_1_67' title='bbox 787 1530 838 1598; x_wconf 79' lang='lat'>36.</span> <span class='ocrx_word' id='word_1_68' title='bbox 860 1530 918 1591; x_wconf 89' lang='lat' dir='ltr'>ubi</span> <span class='ocrx_word' id='word_1_69' title='bbox 927 1527 1064 1612; x_wconf 73' lang='lat' dir='ltr'>pullulo</span> <span class='ocrx_word' id='word_1_70' title='bbox 1078 1530 1158 1593; x_wconf 82' lang='lat' dir='ltr'>uino</span> <span class='ocrx_word' id='word_1_71' title='bbox 1171 1532 1391 1594; x_wconf 87' lang='lat' dir='ltr'>nominantur</span> <span class='ocrx_word' id='word_1_72' title='bbox 1401 1534 1480 1595; x_wconf 84' lang='lat' dir='ltr'>vina</span> 
     </span>
     <span class='ocr_line' id='line_1_9' title="bbox 354 1644 1481 1727; baseline 0.003 -18"><span class='ocrx_word' id='word_1_73' title='bbox 354 1666 488 1709; x_wconf 86' lang='lat' dir='ltr'>veneno</span> <span class='ocrx_word' id='word_1_74' title='bbox 517 1647 630 1712; x_wconf 81' lang='lat' dir='ltr'>mixta</span> <span class='ocrx_word' id='word_1_75' title='bbox 653 1646 731 1727; x_wconf 89' lang='lat' dir='ltr'>quia</span> <span class='ocrx_word' id='word_1_76' title='bbox 758 1646 912 1707; x_wconf 86' lang='lat' dir='ltr'>homines</span> <span class='ocrx_word' id='word_1_77' title='bbox 935 1644 1080 1726; x_wconf 87' lang='lat' dir='ltr'>pallidos</span> <span class='ocrx_word' id='word_1_78' title='bbox 1100 1645 1251 1708; x_wconf 84' lang='lat' dir='ltr'>reddunt.</span> <span class='ocrx_word' id='word_1_79' title='bbox 1274 1685 1316 1689; x_wconf 93' lang='lat'>—</span> <span class='ocrx_word' id='word_1_80' title='bbox 1336 1649 1481 1725; x_wconf 68' lang='lat' dir='ltr'>reontio,</span> 
     </span>
     <span class='ocr_line' id='line_1_10' title="bbox 354 1760 1479 1838; baseline 0 -13"><span class='ocrx_word' id='word_1_81' title='bbox 354 1762 447 1833; x_wconf 89' lang='lat' dir='ltr'>cedo,</span> <span class='ocrx_word' id='word_1_82' title='bbox 469 1760 615 1823; x_wconf 89' lang='lat' dir='ltr'>concedo</span> <span class='ocrx_word' id='word_1_83' title='bbox 628 1787 635 1838; x_wconf 95' lang='lat'>;</span> <span class='ocrx_word' id='word_1_84' title='bbox 657 1764 695 1824; x_wconf 85' lang='lat' dir='ltr'>cf.</span> <span class='ocrx_word' id='word_1_85' title='bbox 726 1760 792 1824; x_wconf 78' lang='lat' dir='ltr'>cic.</span> <span class='ocrx_word' id='word_1_86' title='bbox 821 1760 912 1823; x_wconf 87' lang='lat' dir='ltr'>Verr.</span> <span class='ocrx_word' id='word_1_87' title='bbox 933 1760 975 1823; x_wconf 93' lang='grc' dir='ltr'>ΙΙ.</span> <span class='ocrx_word' id='word_1_88' title='bbox 997 1762 1026 1829; x_wconf 83' lang='grc'>5,</span> <span class='ocrx_word' id='word_1_89' title='bbox 1049 1762 1088 1824; x_wconf 85' lang='grc'>9;</span> <span class='ocrx_word' id='word_1_90' title='bbox 1114 1760 1252 1824; x_wconf 85' lang='lat' dir='ltr'>«Omnia</span> <span class='ocrx_word' id='word_1_91' title='bbox 1280 1762 1345 1825; x_wconf 84' lang='lat' dir='ltr'>ista</span> <span class='ocrx_word' id='word_1_92' title='bbox 1364 1783 1479 1825; x_wconf 86' lang='lat' dir='ltr'>conce-</span> 
     </span>
     <span class='ocr_line' id='line_1_11' title="bbox 354 1876 1479 1960; baseline 0.001 -19"><span class='ocrx_word' id='word_1_93' title='bbox 354 1878 433 1941; x_wconf 89' lang='lat' dir='ltr'>dam</span> <span class='ocrx_word' id='word_1_94' title='bbox 455 1881 487 1939; x_wconf 91' lang='lat' dir='ltr'>et</span> <span class='ocrx_word' id='word_1_95' title='bbox 507 1878 706 1944; x_wconf 79' lang='lat' dir='ltr'>remittam.»</span> <span class='ocrx_word' id='word_1_96' title='bbox 729 1895 790 1958; x_wconf 89' lang='lat' dir='ltr'>pro</span> <span class='ocrx_word' id='word_1_97' title='bbox 810 1876 921 1938; x_wconf 89' lang='lat' dir='ltr'>Plano.</span> <span class='ocrx_word' id='word_1_98' title='bbox 937 1876 1000 1939; x_wconf 83' lang='lat'>30:</span> <span class='ocrx_word' id='word_1_99' title='bbox 1027 1876 1088 1938; x_wconf 80' lang='lat' dir='ltr'>«Te</span> <span class='ocrx_word' id='word_1_100' title='bbox 1102 1876 1184 1937; x_wconf 89' lang='lat' dir='ltr'>mihi</span> <span class='ocrx_word' id='word_1_101' title='bbox 1198 1878 1367 1939; x_wconf 70' lang='lat' dir='ltr'>remittere</span> <span class='ocrx_word' id='word_1_102' title='bbox 1381 1883 1479 1960; x_wconf 89' lang='lat' dir='ltr'>atque</span> 
     </span>
     <span class='ocr_line' id='line_1_12' title="bbox 354 1993 1479 2063; baseline -0.001 -4"><span class='ocrx_word' id='word_1_103' title='bbox 354 1994 547 2063; x_wconf 77' lang='lat' dir='ltr'>concedere.</span> <span class='ocrx_word' id='word_1_104' title='bbox 580 1997 619 2055; x_wconf 91' lang='lat' dir='ltr'>ut</span> <span class='ocrx_word' id='word_1_105' title='bbox 647 2013 746 2055; x_wconf 90' lang='lat' dir='ltr'>omne</span> <span class='ocrx_word' id='word_1_106' title='bbox 775 1993 923 2056; x_wconf 88' lang='lat' dir='ltr'>studium</span> <span class='ocrx_word' id='word_1_107' title='bbox 953 2014 1066 2055; x_wconf 90' lang='lat' dir='ltr'>meum</span> <span class='ocrx_word' id='word_1_108' title='bbox 1095 1994 1132 2055; x_wconf 88' lang='lat' dir='ltr'>in</span> <span class='ocrx_word' id='word_1_109' title='bbox 1159 1993 1286 2056; x_wconf 87' lang='lat' dir='ltr'>Planoii</span> <span class='ocrx_word' id='word_1_110' title='bbox 1316 1997 1479 2058; x_wconf 88' lang='lat' dir='ltr'>honorem</span> 
     </span>
     <span class='ocr_line' id='line_1_13' title="bbox 354 2108 1478 2194; baseline 0 -19"><span class='ocrx_word' id='word_1_111' title='bbox 354 2130 620 2175; x_wconf 82' lang='lat' dir='ltr'>consumerem.»</span> <span class='ocrx_word' id='word_1_112' title='bbox 643 2147 687 2152; x_wconf 89' lang='lat'><em>-</em></span> <span class='ocrx_word' id='word_1_113' title='bbox 706 2128 851 2193; x_wconf 71' lang='lat' dir='ltr'>quorma</span> <span class='ocrx_word' id='word_1_114' title='bbox 880 2109 1050 2194; x_wconf 67' lang='lat' dir='ltr'>imagines</span> <span class='ocrx_word' id='word_1_115' title='bbox 1072 2108 1228 2173; x_wconf 69' lang='lat' dir='ltr'>lucebunt</span> <span class='ocrx_word' id='word_1_116' title='bbox 1248 2108 1403 2175; x_wconf 79' lang='lat' dir='ltr'>Hederuc</span> <span class='ocrx_word' id='word_1_117' title='bbox 1422 2131 1478 2174; x_wconf 84' lang='lat' dir='ltr'>se-</span> 
     </span>
     <span class='ocr_line' id='line_1_14' title="bbox 355 2226 1478 2312; baseline -0.002 -21"><span class='ocrx_word' id='word_1_118' title='bbox 355 2245 491 2312; x_wconf 80' lang='lat' dir='ltr'>quaces,</span> <span class='ocrx_word' id='word_1_119' title='bbox 512 2226 662 2307; x_wconf 85' lang='lat' dir='ltr'>exemplo</span> <span class='ocrx_word' id='word_1_120' title='bbox 681 2226 791 2288; x_wconf 83' lang='lat' dir='ltr'>Asinii</span> <span class='ocrx_word' id='word_1_121' title='bbox 810 2226 972 2288; x_wconf 88' lang='lat' dir='ltr'>Pollionis</span> <span class='ocrx_word' id='word_1_122' title='bbox 993 2227 1158 2288; x_wconf 87' lang='lat' dir='ltr'>clarorum</span> <span class='ocrx_word' id='word_1_123' title='bbox 1179 2227 1378 2307; x_wconf 85' lang='lat' dir='ltr'>scriptorum</span> <span class='ocrx_word' id='word_1_124' title='bbox 1396 2228 1478 2289; x_wconf 90' lang='lat' dir='ltr'>ima-</span> 
     </span>
     <span class='ocr_line' id='line_1_15' title="bbox 356 2340 1476 2424; baseline 0 -18"><span class='ocrx_word' id='word_1_125' title='bbox 356 2345 452 2424; x_wconf 87' lang='lat' dir='ltr'>gines</span> <span class='ocrx_word' id='word_1_126' title='bbox 472 2344 509 2404; x_wconf 93' lang='lat' dir='ltr'>in</span> <span class='ocrx_word' id='word_1_127' title='bbox 527 2341 740 2404; x_wconf 79' lang='lat' dir='ltr'>bibliothecis</span> <span class='ocrx_word' id='word_1_128' title='bbox 760 2340 1030 2417; x_wconf 86' lang='lat' dir='ltr'>collocabantur;</span> <span class='ocrx_word' id='word_1_129' title='bbox 1051 2342 1090 2403; x_wconf 87' lang='lat' dir='ltr'>cf.</span> <span class='ocrx_word' id='word_1_130' title='bbox 1112 2340 1196 2403; x_wconf 84' lang='lat' dir='ltr'>Ptin.</span> <span class='ocrx_word' id='word_1_131' title='bbox 1227 2340 1263 2403; x_wconf 91' lang='lat' dir='ltr'>N.</span> <span class='ocrx_word' id='word_1_132' title='bbox 1285 2341 1326 2403; x_wconf 90' lang='lat' dir='ltr'>H.</span> <span class='ocrx_word' id='word_1_133' title='bbox 1347 2341 1476 2406; x_wconf 86' lang='lat' dir='ltr'>XXXV.</span> 
     </span>
     <span class='ocr_line' id='line_1_16' title="bbox 357 2454 1479 2537; baseline -0.004 -13"><span class='ocrx_word' id='word_1_134' title='bbox 357 2459 487 2524; x_wconf 86' lang='lat'>9—10:</span> <span class='ocrx_word' id='word_1_135' title='bbox 513 2458 606 2520; x_wconf 85' lang='lat' dir='ltr'>«Non</span> <span class='ocrx_word' id='word_1_136' title='bbox 627 2461 676 2519; x_wconf 86' lang='lat' dir='ltr'>est</span> <span class='ocrx_word' id='word_1_137' title='bbox 694 2454 965 2537; x_wconf 82' lang='lat' dir='ltr'>praetereundum</span> <span class='ocrx_word' id='word_1_138' title='bbox 986 2460 1018 2517; x_wconf 92' lang='lat' dir='ltr'>et</span> <span class='ocrx_word' id='word_1_139' title='bbox 1037 2457 1208 2518; x_wconf 89' lang='lat' dir='ltr'>novicium</span> <span class='ocrx_word' id='word_1_140' title='bbox 1231 2457 1414 2525; x_wconf 88' lang='lat' dir='ltr'>inventum.</span> <span class='ocrx_word' id='word_1_141' title='bbox 1438 2459 1479 2521; x_wconf 88' lang='lat' dir='ltr'>si-</span> 
     </span>
     <span class='ocr_line' id='line_1_17' title="bbox 357 2574 1478 2657; baseline -0.001 -20"><span class='ocrx_word' id='word_1_142' title='bbox 357 2574 494 2657; x_wconf 89' lang='lat' dir='ltr'>quidem</span> <span class='ocrx_word' id='word_1_143' title='bbox 517 2594 608 2636; x_wconf 88' lang='lat' dir='ltr'>nuno</span> <span class='ocrx_word' id='word_1_144' title='bbox 633 2593 671 2635; x_wconf 84' lang='lat' dir='ltr'>ex</span> <span class='ocrx_word' id='word_1_145' title='bbox 695 2591 776 2634; x_wconf 90' lang='lat' dir='ltr'>auro</span> <span class='ocrx_word' id='word_1_146' title='bbox 805 2575 985 2651; x_wconf 84' lang='lat' dir='ltr'>argentove</span> <span class='ocrx_word' id='word_1_147' title='bbox 1015 2575 1072 2633; x_wconf 88' lang='lat' dir='ltr'>aut</span> <span class='ocrx_word' id='word_1_148' title='bbox 1103 2576 1190 2634; x_wconf 89' lang='lat' dir='ltr'>certe</span> <span class='ocrx_word' id='word_1_149' title='bbox 1212 2594 1250 2633; x_wconf 79' lang='lat' dir='ltr'>ox</span> <span class='ocrx_word' id='word_1_150' title='bbox 1269 2594 1331 2635; x_wconf 82' lang='lat' dir='ltr'>aere</span> <span class='ocrx_word' id='word_1_151' title='bbox 1352 2574 1478 2654; x_wconf 74' lang='lat' dir='ltr'>(imagi-</span> 
     </span>
     <span class='ocr_line' id='line_1_18' title="bbox 357 2687 1478 2782; baseline -0.002 -27"><span class='ocrx_word' id='word_1_152' title='bbox 357 2695 429 2771; x_wconf 88' lang='lat' dir='ltr'>nes)</span> <span class='ocrx_word' id='word_1_153' title='bbox 444 2692 482 2754; x_wconf 89' lang='lat' dir='ltr'>in</span> <span class='ocrx_word' id='word_1_154' title='bbox 499 2689 711 2782; x_wconf 75' lang='lat' dir='ltr'>bibliothecis</span> <span class='ocrx_word' id='word_1_155' title='bbox 728 2687 882 2751; x_wconf 88' lang='lat' dir='ltr'>dicantur</span> <span class='ocrx_word' id='word_1_156' title='bbox 893 2688 970 2763; x_wconf 86' lang='lat' dir='ltr'>illis,</span> <span class='ocrx_word' id='word_1_157' title='bbox 986 2708 1127 2769; x_wconf 88' lang='lat' dir='ltr'>quorum</span> <span class='ocrx_word' id='word_1_158' title='bbox 1139 2689 1346 2753; x_wconf 89' lang='lat' dir='ltr'>immortales</span> <span class='ocrx_word' id='word_1_159' title='bbox 1360 2691 1414 2753; x_wconf 83' lang='lat' dir='ltr'>ani</span> <span class='ocrx_word' id='word_1_160' title='bbox 1440 2710 1478 2752; x_wconf 83' lang='lat' dir='ltr'>1ae</span> 
     </span>
     <span class='ocr_line' id='line_1_19' title="bbox 356 2805 1478 2872; baseline -0.003 0"><span class='ocrx_word' id='word_1_161' title='bbox 356 2811 393 2872; x_wconf 91' lang='lat' dir='ltr'>in</span> <span class='ocrx_word' id='word_1_162' title='bbox 413 2809 496 2872; x_wconf 89' lang='lat' dir='ltr'>locis</span> <span class='ocrx_word' id='word_1_163' title='bbox 516 2808 626 2871; x_wconf 86' lang='lat' dir='ltr'>isdem</span> <span class='ocrx_word' id='word_1_164' title='bbox 643 2809 801 2870; x_wconf 89' lang='lat' dir='ltr'>locuntur</span> <span class='ocrx_word' id='word_1_165' title='bbox 820 2855 827 2868; x_wconf 90' lang='lat'><em>.</em></span> <span class='ocrx_word' id='word_1_166' title='bbox 849 2855 856 2867; x_wconf 90' lang='lat'><strong>.</strong></span> <span class='ocrx_word' id='word_1_167' title='bbox 878 2855 885 2868; x_wconf 90' lang='lat'><strong>.</strong></span> <span class='ocrx_word' id='word_1_168' title='bbox 906 2806 1002 2867; x_wconf 88' lang='lat' dir='ltr'>Asini</span> <span class='ocrx_word' id='word_1_169' title='bbox 1031 2805 1193 2868; x_wconf 90' lang='lat' dir='ltr'>Pollionis</span> <span class='ocrx_word' id='word_1_170' title='bbox 1213 2807 1275 2868; x_wconf 88' lang='lat' dir='ltr'>hoo</span> <span class='ocrx_word' id='word_1_171' title='bbox 1294 2807 1407 2868; x_wconf 83' lang='lat' dir='ltr'>Romae</span> <span class='ocrx_word' id='word_1_172' title='bbox 1427 2809 1478 2869; x_wconf 92' lang='lat' dir='ltr'>in-</span> 
     </span>
     <span class='ocr_line' id='line_1_20' title="bbox 355 2920 1479 3004; baseline -0.002 -17"><span class='ocrx_word' id='word_1_173' title='bbox 355 2927 504 2992; x_wconf 81' lang='lat' dir='ltr'>venturn,</span> <span class='ocrx_word' id='word_1_174' title='bbox 526 2923 583 3004; x_wconf 86' lang='lat' dir='ltr'>qui</span> <span class='ocrx_word' id='word_1_175' title='bbox 602 2922 731 3003; x_wconf 89' lang='lat' dir='ltr'>primus</span> <span class='ocrx_word' id='word_1_176' title='bbox 749 2921 987 2983; x_wconf 83' lang='lat' dir='ltr'>bibliothecam</span> <span class='ocrx_word' id='word_1_177' title='bbox 1001 2920 1141 2982; x_wconf 83' lang='lat' dir='ltr'>dicendo</span> <span class='ocrx_word' id='word_1_178' title='bbox 1154 2922 1290 3002; x_wconf 86' lang='lat' dir='ltr'>ingenia</span> <span class='ocrx_word' id='word_1_179' title='bbox 1303 2923 1479 2985; x_wconf 91' lang='lat' dir='ltr'>hominum</span> 
     </span>
     <span class='ocr_line' id='line_1_21' title="bbox 357 3037 1478 3121; baseline -0.002 -19"><span class='ocrx_word' id='word_1_180' title='bbox 357 3061 427 3102; x_wconf 91' lang='lat' dir='ltr'>rem</span> <span class='ocrx_word' id='word_1_181' title='bbox 446 3039 617 3121; x_wconf 89' lang='lat' dir='ltr'>publicam</span> <span class='ocrx_word' id='word_1_182' title='bbox 630 3038 715 3100; x_wconf 83' lang='lat' dir='ltr'>iecit.</span> <span class='ocrx_word' id='word_1_183' title='bbox 724 3061 735 3093; x_wconf 67' lang='grc' dir='ltr'>ι)</span> <span class='ocrx_word' id='word_1_184' title='bbox 752 3037 920 3117; x_wconf 84' lang='lat' dir='ltr'>Imagines</span> <span class='ocrx_word' id='word_1_185' title='bbox 934 3041 1046 3099; x_wconf 88' lang='lat' dir='ltr'>autem</span> <span class='ocrx_word' id='word_1_186' title='bbox 1059 3042 1233 3118; x_wconf 89' lang='lat' dir='ltr'>poetarum</span> <span class='ocrx_word' id='word_1_187' title='bbox 1248 3038 1370 3101; x_wconf 85' lang='lat' dir='ltr'>hedera</span> <span class='ocrx_word' id='word_1_188' title='bbox 1383 3060 1478 3100; x_wconf 87' lang='lat' dir='ltr'>orna-</span> 
     </span>
     <span class='ocr_line' id='line_1_22' title="bbox 355 3152 1477 3233; baseline -0.004 -14"><span class='ocrx_word' id='word_1_189' title='bbox 355 3157 496 3233; x_wconf 88' lang='lat' dir='ltr'>bantur;</span> <span class='ocrx_word' id='word_1_190' title='bbox 515 3156 554 3217; x_wconf 87' lang='lat' dir='ltr'>cf.</span> <span class='ocrx_word' id='word_1_191' title='bbox 569 3153 650 3216; x_wconf 90' lang='lat' dir='ltr'>Hor.</span> <span class='ocrx_word' id='word_1_192' title='bbox 665 3152 771 3216; x_wconf 79' lang='lat' dir='ltr'>Carm.</span> <span class='ocrx_word' id='word_1_193' title='bbox 793 3153 817 3215; x_wconf 91' lang='grc' dir='ltr'>Ι.</span> <span class='ocrx_word' id='word_1_194' title='bbox 843 3153 869 3221; x_wconf 82' lang='lat' dir='ltr'>l,</span> <span class='ocrx_word' id='word_1_195' title='bbox 890 3154 1041 3217; x_wconf 71' lang='lat' dir='ltr'>att-30:</span> <span class='ocrx_word' id='word_1_196' title='bbox 1067 3152 1139 3214; x_wconf 78' lang='lat' dir='ltr'>«Me</span> <span class='ocrx_word' id='word_1_197' title='bbox 1156 3152 1328 3216; x_wconf 86' lang='lat' dir='ltr'>doctarum</span> <span class='ocrx_word' id='word_1_198' title='bbox 1348 3154 1477 3217; x_wconf 84' lang='lat' dir='ltr'>hederae</span> 
     </span>
     <span class='ocr_line' id='line_1_23' title="bbox 355 3266 1477 3355; baseline -0.003 -21"><span class='ocrx_word' id='word_1_199' title='bbox 355 3272 495 3355; x_wconf 86' lang='lat' dir='ltr'>praemia</span> <span class='ocrx_word' id='word_1_200' title='bbox 523 3266 693 3333; x_wconf 86' lang='lat' dir='ltr'>frontium</span> <span class='ocrx_word' id='word_1_201' title='bbox 714 3269 775 3332; x_wconf 89' lang='lat' dir='ltr'>Dis</span> <span class='ocrx_word' id='word_1_202' title='bbox 805 3270 946 3332; x_wconf 88' lang='lat' dir='ltr'>miscent</span> <span class='ocrx_word' id='word_1_203' title='bbox 977 3270 1143 3350; x_wconf 80' lang='lat' dir='ltr'>superis;»</span> <span class='ocrx_word' id='word_1_204' title='bbox 1177 3270 1272 3352; x_wconf 86' lang='lat' dir='ltr'>Prop.</span> <span class='ocrx_word' id='word_1_205' title='bbox 1303 3270 1343 3333; x_wconf 88' lang='lat' dir='ltr'>ll.</span> <span class='ocrx_word' id='word_1_206' title='bbox 1366 3271 1394 3337; x_wconf 79' lang='lat'>5,</span> <span class='ocrx_word' id='word_1_207' title='bbox 1417 3271 1477 3332; x_wconf 66' lang='lat' dir='ltr'>lb:</span> 
     </span>
     <span class='ocr_line' id='line_1_24' title="bbox 359 3383 1476 3465; baseline -0.003 -14"><span class='ocrx_word' id='word_1_208' title='bbox 359 3387 483 3452; x_wconf 84' lang='lat' dir='ltr'>«Cuius</span> <span class='ocrx_word' id='word_1_209' title='bbox 501 3407 572 3449; x_wconf 93' lang='lat' dir='ltr'>non</span> <span class='ocrx_word' id='word_1_210' title='bbox 592 3385 721 3448; x_wconf 73' lang='lat' dir='ltr'>hedera</span> <span class='ocrx_word' id='word_1_211' title='bbox 742 3385 899 3447; x_wconf 88' lang='lat' dir='ltr'>circuiere</span> <span class='ocrx_word' id='word_1_212' title='bbox 912 3389 1054 3465; x_wconf 77' lang='lat' dir='ltr'>caput»;</span> <span class='ocrx_word' id='word_1_213' title='bbox 1077 3383 1132 3447; x_wconf 85' lang='lat' dir='ltr'>Ov.</span> <span class='ocrx_word' id='word_1_214' title='bbox 1156 3385 1251 3447; x_wconf 78' lang='lat' dir='ltr'>Trist.</span> <span class='ocrx_word' id='word_1_215' title='bbox 1273 3385 1297 3446; x_wconf 88' lang='grc' dir='ltr'>Ι.</span> <span class='ocrx_word' id='word_1_216' title='bbox 1320 3387 1349 3452; x_wconf 86' lang='grc'>7,</span> <span class='ocrx_word' id='word_1_217' title='bbox 1375 3386 1397 3446; x_wconf 86' lang='grc'>1-</span> <span class='ocrx_word' id='word_1_218' title='bbox 1437 3388 1476 3448; x_wconf 71' lang='lat' dir='ltr'>ll:</span> 
     </span>
    </p>
   </div>
   <div class='ocr_carea' id='block_1_3' title="bbox 478 3550 1335 3737">
    <p class='ocr_par' dir='ltr' id='par_1_3' title="bbox 478 3550 1335 3737">
     <span class='ocr_line' id='line_1_25' title="bbox 478 3550 1335 3629; baseline -0.002 -18"><span class='ocrx_word' id='word_1_219' title='bbox 478 3551 512 3612; x_wconf 81' lang='lat' dir='ltr'>Si</span> <span class='ocrx_word' id='word_1_220' title='bbox 534 3554 603 3629; x_wconf 88' lang='lat' dir='ltr'>quis</span> <span class='ocrx_word' id='word_1_221' title='bbox 623 3551 718 3609; x_wconf 87' lang='lat' dir='ltr'>habes</span> <span class='ocrx_word' id='word_1_222' title='bbox 740 3550 855 3608; x_wconf 84' lang='lat' dir='ltr'>nostris</span> <span class='ocrx_word' id='word_1_223' title='bbox 878 3551 993 3608; x_wconf 87' lang='lat' dir='ltr'>similes</span> <span class='ocrx_word' id='word_1_224' title='bbox 1015 3553 1048 3608; x_wconf 91' lang='lat' dir='ltr'>in</span> <span class='ocrx_word' id='word_1_225' title='bbox 1070 3550 1203 3624; x_wconf 83' lang='lat' dir='ltr'>imagine</span> <span class='ocrx_word' id='word_1_226' title='bbox 1227 3553 1335 3624; x_wconf 72' lang='lat' dir='ltr'>vultus</span> 
     </span>
     <span class='ocr_line' id='line_1_26' title="bbox 517 3667 1292 3737; baseline -0.004 -10"><span class='ocrx_word' id='word_1_227' title='bbox 517 3670 615 3728; x_wconf 90' lang='lat' dir='ltr'>Deme</span> <span class='ocrx_word' id='word_1_228' title='bbox 638 3671 715 3726; x_wconf 87' lang='lat' dir='ltr'>meis</span> <span class='ocrx_word' id='word_1_229' title='bbox 737 3667 876 3736; x_wconf 82' lang='lat' dir='ltr'>hederae,</span> <span class='ocrx_word' id='word_1_230' title='bbox 899 3667 1051 3724; x_wconf 84' lang='lat' dir='ltr'>Bacchica</span> <span class='ocrx_word' id='word_1_231' title='bbox 1075 3670 1164 3737; x_wconf 81' lang='lat' dir='ltr'>serta,</span> <span class='ocrx_word' id='word_1_232' title='bbox 1188 3669 1292 3724; x_wconf 87' lang='lat' dir='ltr'>comis.</span> 
     </span>
    </p>
   </div>
   <div class='ocr_carea' id='block_1_4' title="bbox 477 3782 1157 3858">
    <p class='ocr_par' dir='ltr' id='par_1_4' title="bbox 477 3782 1157 3858">
     <span class='ocr_line' id='line_1_27' title="bbox 477 3782 1157 3858; baseline -0.004 -15"><span class='ocrx_word' id='word_1_233' title='bbox 477 3787 543 3843; x_wconf 88' lang='lat' dir='ltr'>Ista</span> <span class='ocrx_word' id='word_1_234' title='bbox 565 3784 674 3841; x_wconf 90' lang='lat' dir='ltr'>decent</span> <span class='ocrx_word' id='word_1_235' title='bbox 695 3784 780 3841; x_wconf 83' lang='lat' dir='ltr'>laetos</span> <span class='ocrx_word' id='word_1_236' title='bbox 802 3782 904 3840; x_wconf 81' lang='lat' dir='ltr'>felicia</span> <span class='ocrx_word' id='word_1_237' title='bbox 925 3785 1012 3857; x_wconf 85' lang='lat' dir='ltr'>signu</span> <span class='ocrx_word' id='word_1_238' title='bbox 1035 3787 1157 3858; x_wconf 86' lang='lat' dir='ltr'>poetas;</span> 
     </span>
    </p>
   </div>
   <div class='ocr_carea' id='block_1_5' title="bbox 517 3900 1215 3976">
    <p class='ocr_par' dir='ltr' id='par_1_5' title="bbox 517 3900 1215 3976">
     <span class='ocr_line' id='line_1_28' title="bbox 517 3900 1215 3976; baseline -0.004 -18"><span class='ocrx_word' id='word_1_239' title='bbox 517 3901 717 3976; x_wconf 78' lang='lat' dir='ltr'>Temporibus</span> <span class='ocrx_word' id='word_1_240' title='bbox 739 3920 802 3957; x_wconf 94' lang='lat' dir='ltr'>non</span> <span class='ocrx_word' id='word_1_241' title='bbox 825 3904 871 3957; x_wconf 90' lang='lat' dir='ltr'>est</span> <span class='ocrx_word' id='word_1_242' title='bbox 893 3902 965 3973; x_wconf 90' lang='lat' dir='ltr'>apta</span> <span class='ocrx_word' id='word_1_243' title='bbox 987 3918 1100 3957; x_wconf 88' lang='lat' dir='ltr'>corona</span> <span class='ocrx_word' id='word_1_244' title='bbox 1122 3900 1215 3970; x_wconf 90' lang='lat' dir='ltr'>meis;</span> 
     </span>
    </p>
   </div>
   <div class='ocr_carea' id='block_1_6' title="bbox 353 4078 1477 4515">
    <p class='ocr_par' dir='ltr' id='par_1_6' title="bbox 353 4078 1477 4515">
     <span class='ocr_line' id='line_1_29' title="bbox 353 4078 1473 4161; baseline -0.002 -18"><span class='ocrx_word' id='word_1_245' title='bbox 353 4081 428 4144; x_wconf 83' lang='lat' dir='ltr'>Juv.</span> <span class='ocrx_word' id='word_1_246' title='bbox 450 4080 520 4144; x_wconf 77' lang='lat' dir='ltr'>Vll</span> <span class='ocrx_word' id='word_1_247' title='bbox 541 4081 603 4143; x_wconf 70' lang='lat'>29:</span> <span class='ocrx_word' id='word_1_248' title='bbox 628 4079 690 4143; x_wconf 86' lang='lat' dir='ltr'>«Ut</span> <span class='ocrx_word' id='word_1_249' title='bbox 706 4078 826 4161; x_wconf 84' lang='lat' dir='ltr'>dignus</span> <span class='ocrx_word' id='word_1_250' title='bbox 845 4082 961 4143; x_wconf 84' lang='lat' dir='ltr'>venies</span> <span class='ocrx_word' id='word_1_251' title='bbox 978 4079 1109 4142; x_wconf 85' lang='lat' dir='ltr'>hederis</span> <span class='ocrx_word' id='word_1_252' title='bbox 1125 4083 1156 4141; x_wconf 88' lang='lat' dir='ltr'>et</span> <span class='ocrx_word' id='word_1_253' title='bbox 1168 4080 1314 4158; x_wconf 88' lang='lat' dir='ltr'>imagine</span> <span class='ocrx_word' id='word_1_254' title='bbox 1334 4100 1473 4141; x_wconf 78' lang='lat' dir='ltr'>maora.»</span> 
     </span>
     <span class='ocr_line' id='line_1_30' title="bbox 353 4192 1477 4281; baseline -0.005 -20"><span class='ocrx_word' id='word_1_255' title='bbox 353 4234 398 4241; x_wconf 78' lang='lat'>—</span> <span class='ocrx_word' id='word_1_256' title='bbox 419 4195 587 4275; x_wconf 77' lang='lat' dir='ltr'>lambunt,</span> <span class='ocrx_word' id='word_1_257' title='bbox 606 4195 792 4258; x_wconf 87' lang='lat' dir='ltr'>insolenter</span> <span class='ocrx_word' id='word_1_258' title='bbox 811 4216 870 4277; x_wconf 88' lang='lat' dir='ltr'>pro</span> <span class='ocrx_word' id='word_1_259' title='bbox 884 4195 1046 4281; x_wconf 55' lang='lat' dir='ltr'>cingunt·</span> <span class='ocrx_word' id='word_1_260' title='bbox 1064 4197 1103 4259; x_wconf 88' lang='lat' dir='ltr'>ct&#39;.</span> <span class='ocrx_word' id='word_1_261' title='bbox 1122 4193 1226 4257; x_wconf 77' lang='lat' dir='ltr'>Maon</span> <span class='ocrx_word' id='word_1_262' title='bbox 1238 4192 1303 4258; x_wconf 83' lang='lat' dir='ltr'>Sat.</span> <span class='ocrx_word' id='word_1_263' title='bbox 1325 4193 1349 4256; x_wconf 88' lang='grc' dir='ltr'>Ι.</span> <span class='ocrx_word' id='word_1_264' title='bbox 1375 4195 1423 4256; x_wconf 83' lang='grc'>19.</span> <span class='ocrx_word' id='word_1_265' title='bbox 1438 4193 1477 4255; x_wconf 88' lang='lat' dir='ltr'>de</span> 
     </span>
     <span class='ocr_line' id='line_1_31' title="bbox 353 4303 1475 4394; baseline -0.004 -19"><span class='ocrx_word' id='word_1_266' title='bbox 353 4314 491 4394; x_wconf 80' lang='lat' dir='ltr'>thyrso:</span> <span class='ocrx_word' id='word_1_267' title='bbox 527 4303 671 4384; x_wconf 78' lang='lat' dir='ltr'>«Telum,</span> <span class='ocrx_word' id='word_1_268' title='bbox 703 4312 798 4374; x_wconf 87' lang='lat' dir='ltr'>cuius</span> <span class='ocrx_word' id='word_1_269' title='bbox 829 4331 944 4373; x_wconf 86' lang='lat' dir='ltr'>mucro</span> <span class='ocrx_word' id='word_1_270' title='bbox 977 4310 1100 4374; x_wconf 88' lang='lat' dir='ltr'>hedera</span> <span class='ocrx_word' id='word_1_271' title='bbox 1134 4305 1302 4372; x_wconf 83' lang='lat' dir='ltr'>lambente</span> <span class='ocrx_word' id='word_1_272' title='bbox 1332 4310 1475 4390; x_wconf 89' lang='lat' dir='ltr'>protegi-</span> 
     </span>
     <span class='ocr_line' id='line_1_32' title="bbox 353 4424 1476 4515; baseline -0.004 -25"><span class='ocrx_word' id='word_1_273' title='bbox 353 4433 438 4492; x_wconf 82' lang='lat' dir='ltr'>tur.»</span> <span class='ocrx_word' id='word_1_274' title='bbox 461 4463 505 4472; x_wconf 90' lang='lat'>—-</span> <span class='ocrx_word' id='word_1_275' title='bbox 525 4445 695 4509; x_wconf 64' lang='lat' dir='ltr'>sequacos</span> <span class='ocrx_word' id='word_1_276' title='bbox 717 4428 826 4497; x_wconf 85' lang='lat' dir='ltr'>lentae,</span> <span class='ocrx_word' id='word_1_277' title='bbox 851 4425 1014 4490; x_wconf 85' lang='lat' dir='ltr'>flexibiles</span> <span class='ocrx_word' id='word_1_278' title='bbox 1026 4453 1033 4515; x_wconf 66' lang='lat' dir='ltr'>‚f</span> <span class='ocrx_word' id='word_1_279' title='bbox 1054 4428 1092 4488; x_wconf 83' lang='lat' dir='ltr'>cf.</span> <span class='ocrx_word' id='word_1_280' title='bbox 1115 4427 1198 4488; x_wconf 91' lang='lat' dir='ltr'>Plin.</span> <span class='ocrx_word' id='word_1_281' title='bbox 1220 4426 1340 4506; x_wconf 86' lang='lat' dir='ltr'>Paneg.</span> <span class='ocrx_word' id='word_1_282' title='bbox 1361 4426 1414 4494; x_wconf 70' lang='lat'>45,</span> <span class='ocrx_word' id='word_1_283' title='bbox 1437 4424 1476 4486; x_wconf 88' lang='lat'>5:</span> 
     </span>
    </p>
   </div>
   <div class='ocr_carea' id='block_1_7' title="bbox 407 4549 1389 4621">
    <p class='ocr_par' dir='ltr' id='par_1_7' title="bbox 407 4549 1389 4621">
     <span class='ocr_line' id='line_1_33' title="bbox 407 4549 1389 4621; baseline -0.009 -8"><span class='ocrx_word' id='word_1_284' title='bbox 407 4569 542 4621; x_wconf 72' lang='lat' dir='ltr'>Nemetbu:</span> <span class='ocrx_word' id='word_1_285' title='bbox 555 4569 581 4611; x_wconf 79' lang='lat' dir='ltr'>A.</span> <span class='ocrx_word' id='word_1_286' title='bbox 597 4569 675 4611; x_wconf 78' lang='lat' dir='ltr'>Persii</span> <span class='ocrx_word' id='word_1_287' title='bbox 689 4570 772 4611; x_wconf 78' lang='lat' dir='ltr'>Flacci</span> <span class='ocrx_word' id='word_1_288' title='bbox 785 4569 877 4613; x_wconf 79' lang='lat' dir='ltr'>Satiroe</span> <span class='ocrx_word' id='word_1_289' title='bbox 1371 4549 1389 4598; x_wconf 70' lang='lat'>4</span> 
     </span>
    </p>
   </div>
   <div class='ocr_carea' id='block_1_8' title="bbox 0 0 1964 5475">
    <p class='ocr_par' dir='ltr' id='par_1_8' title="bbox 0 0 1964 5475">
     <span class='ocr_line' id='line_1_34' title="bbox 0 0 1964 5475; baseline 0 1"><span class='ocrx_word' id='word_1_290' title='bbox 0 0 1964 5475; x_wconf 95' lang='lat' dir='ltr'> </span> 
     </span>
    </p>
   </div>
  </div>
 </body>
</html>
