3917 5475
485 616 538 668 ato
902 637 1012 680 sirum
1027 637 1055 680 v,
1074 634 1197 680 eomes.

485 834 520 877 sc
539 813 690 876 relictam
711 833 792 880 esse.
813 814 833 874 i.
856 833 882 876 c.
905 833 939 874 se
958 813 1027 875 iam
1056 813 1098 876 ad
1124 813 1227 875 finem
1254 814 1331 876 vitae
1362 815 1555 894 pervenisse
1576 815 1609 874 et

483 928 646 991 maiorem
665 928 905 1008 melioremque
923 928 999 990 vitae
1020 931 1150 1008 partem
1166 927 1361 1008 perdidisse.
1381 967 1426 973 --
1445 927 1511 992 sibi
1530 949 1608 1009 pro:

485 1063 507 1107 a
526 1061 562 1106 se
582 1063 657 1105 cum
675 1044 775 1106 verbo
795 1044 939 1124 passive.
960 1047 998 1104 ut
1016 1042 1116 1122 vulgo
1137 1042 1227 1122 apud
1245 1046 1371 1124 poetas.

536 1157 574 1221 V.
608 1159 748 1221 ta-ea
777 1157 1020 1222 otocharum...
1052 1156 1192 1231 oleariis,
1223 1161 1386 1221 nocturno
1417 1159 1536 1222 studio.
1565 1195 1610 1202 »-

484 1272 725 1357 impallescere.
739 1273 780 1335 de
797 1275 937 1335 honesto
956 1272 1142 1335 studiorum
1158 1273 1285 1354 pallore
1303 1276 1342 1336 cf.
1358 1274 1609 1337 adnotationem

484 1389 526 1452 ad
544 1389 569 1452 I.
590 1389 651 1452 QG:
677 1389 745 1450 «En
764 1389 873 1470 pallor
901 1389 1098 1471 seniumque
1111 1393 1136 1452 l»
1170 1387 1411 1473 [inpallescere
1431 1392 1543 1473 aliqua
1563 1411 1607 1462 re,

483 1508 521 1567 ut
540 1501 621 1568 Stat.
643 1505 742 1568 Theb.
763 1505 816 1568 Vl.
838 1503 921 1568 805:
958 1508 1098 1568 «eventu
1117 1507 1382 1586 impallescere».
1414 1545 1459 1551 —-
1489 1504 1609 1572 Cultor

485 1619 576 1683 caim
596 1619 758 1683 terremus
780 1621 950 1706 perpetus
982 1619 1104 1684 laseris
1136 1640 1237 1686 cures
1265 1619 1379 1705 Fmrqe
1410 1619 1606 1694 Clecicthecu

371 1801 373 1807 ,
483 1737 593 1815 imago
614 1735 654 1798 ab
675 1735 877 1816 agricultura
896 1735 1081 1816 desumpta,
1096 1738 1174 1817 quia
1191 1737 1343 1817 agricolae
1357 1758 1483 1817 agrum.
1497 1737 1606 1817 prius-

483 1871 583 1932 quam
604 1856 725 1923 serant,
746 1850 832 1913 filice
852 1856 1008 1932 purgant.
1039 1850 1086 1915 Cf.
1120 1851 1372 1915 adnotationem
1398 1852 1439 1915 ad
1466 1852 1520 1916 ll'.
1541 1853 1606 1915 41:

489 1965 580 2028 «Non
600 1970 713 2028 tamen
742 1967 806 2029 iste
835 1967 913 2028 felix
941 1967 1010 2029 ullo
1039 1969 1244 2030 mansuescit
1275 1972 1416 2031 aratro».
1448 2006 1492 2010 —
1521 1965 1607 2030 Cul-

485 2083 554 2145 ior.
572 2131 598 2145 ..
624 2081 793 2151 luveriaco.
816 2086 852 2144 ut
872 2083 979 2145 cultor
1009 2084 1089 2163 agri.
1110 2121 1154 2126 -
1170 2084 1340 2168 perpetus
1361 2081 1485 2148 deseris
1504 2100 1605 2147 cures

483 2193 604 2282 liupo,
618 2197 765 2259 inserere
785 2197 911 2278 aliquid
927 2198 1039 2279 aliqua
1055 2220 1091 2261 re
1108 2219 1181 2260 raro
1200 2199 1340 2260 occurrit
1359 2217 1441 2280 pro:
1461 2198 1609 2259 inserere

484 2312 610 2394 aliquid
629 2313 729 2375 alicui
750 2314 818 2387 rei;
849 2306 888 2375 cl.
911 2312 975 2376 Cic.
1004 2314 1054 2376 De
1074 2316 1165 2378 univ.
1190 2315 1247 2378 102:
1282 2313 1383 2377 «Cum
1403 2317 1516 2377 autem
1535 2316 1609 2376 ani·

483 2429 547 2492 mis
567 2448 704 2509 corpora
733 2450 808 2491 cum
832 2429 1032 2491 necessitate
1062 2430 1269 2492 insevisset».
1299 2468 1344 2474 —
1368 2433 1559 2515 propolas.
1577 2479 1606 2492 ..

484 2561 593 2618 auree,
615 2565 711 2607 aures
732 2544 773 2606 ad
792 2543 1042 2624 philosophiam
1067 2545 1295 2625 accipiendam
1322 2549 1535 2626 praeparatae.
1557 2544 1605 2607 cf.

482 2659 562 2722 Hor.
582 2659 643 2740 Ep,
664 2659 688 2722 Ι.
713 2660 739 2732 1,
763 2659 914 2722 39—402

602 2820 699 2877 Nemo
722 2818 797 2875 adeo
820 2817 901 2875 ferus
924 2820 978 2887 est,
1001 2820 1120 2876 utnon
1142 2819 1301 2876 mitescere
1323 2820 1430 2893 possit,

562 2940 568 2956 ’
602 2933 635 2992 Si
655 2933 748 2991 modo
771 2934 895 2991 culturae
916 2935 1088 3008 patientem
1110 2933 1322 2992 accommodet
1343 2952 1464 3002 aurem;

482 3124 547 3188 Cic.
568 3123 661 3186 Tusc.
682 3123 723 3185 Π.
746 3123 775 3191 5,
801 3123 858 3185 13:
891 3121 1047 3185 «Cultura
1072 3124 1176 3185 animi
1204 3123 1420 3205 philosophia
1449 3126 1508 3190 est.
1525 3124 1606 3192 haec

483 3239 625 3302 extrahit
647 3239 728 3301 vitia
752 3237 910 3300 radicitus
936 3243 967 3298 et
991 3242 1156 3318 praeparat
1184 3239 1315 3301 animos
1340 3237 1381 3300 ad
1405 3241 1497 3301 satus
1521 3238 1605 3300 acci-

481 3352 621 3437 piendos
642 3373 745 3435 eaque
762 3353 900 3415 mandat
924 3353 965 3414 iis
983 3357 1075 3419 et.'ut
1091 3354 1139 3415 ita
1159 3354 1276 3428 dicam,
1298 3354 1386 3422 serit,
1401 3374 1473 3434 quae
1490 3352 1606 3415 adulta

482 3470 607 3531 fructus
636 3467 821 3531 uberrimos
850 3470 1001 3542 ferant»;
1033 3468 1113 3530 Hor.
1143 3469 1203 3549 Ep.
1228 3469 1253 3531 Ι.
1278 3470 1304 3541 1,
1327 3471 1365 3532 7:
1402 3468 1479 3530 «Est
1508 3468 1604 3534 mihi.

481 3587 656 3666 purgatam
674 3584 787 3646 crebro
805 3585 859 3665 qui
878 3589 1036 3664 personet
1056 3604 1202 3646 aurem».
1216 3582 1385 3668 —Frttqe
1407 3580 1604 3651 Cleanthea.

480 3699 695 3780 philosophie
713 3698 831 3762 Stoica.
851 3698 1039 3766 Cleanthes.
1053 3700 1199 3760 Zenonis
1219 3698 1350 3761 auditor
1370 3703 1402 3759 et
1421 3702 1497 3779 post
1516 3685 1605 3759 mor-

480 3818 549 3875 tem
569 3815 640 3876 eius
661 3819 756 3875 sectae
777 3813 894 3877 Stoicae
914 3815 1080 3894 princeps.
1106 3815 1187 3876 vixit
1213 3835 1240 3876 a.
1269 3814 1453 3875 &il-251.
1476 3834 1504 3875 a.
1526 3811 1604 3875 Chr.

480 3950 512 3990 n.
533 3965 577 3972 —
597 3928 699 3993 Petite
720 3927 807 3997 binc.
830 3950 867 3990 es
886 3930 1110 4010 philosophia.
1131 3967 1175 3973 —
1190 3928 1358 4012 puerique
1376 3947 1547 4010 senesque,
1563 3929 1604 3990 cf.

480 4042 560 4106 Hor.
580 4043 640 4124 Ep.
660 4044 685 4106 I.
710 4044 736 4110 1.
759 4044 899 4105 “lb—«96.
921 4044 960 4105 de
980 4044 1213 4126 philosophie:

600 4200 703 4274 Aeque
725 4200 911 4276 pauperibus
933 4201 1067 4275 prodest,
1089 4200 1292 4276 locupletibus
1314 4219 1407 4275 reque,

600 4316 702 4391 Aeque
725 4318 898 4382 neglectum
919 4319 1023 4392 pueris
1044 4318 1227 4390 senibusque
1250 4314 1380 4374 nocebit.
