3917 5475
787 717 897 762 111111
912 718 948 764 11.
967 717 1089 766 11-11.
1448 705 1498 757 1⁶29

365 912 478 972 gum»
494 929 540 935 —
556 890 677 957 dextro
696 890 853 973 Hercule,
873 896 1006 958 favente
1024 895 1179 966 Hercule.
1192 902 1229 960 ut
1240 897 1277 962 V.
1295 899 1376 964 114:
1401 901 1495 966 «love

365 1006 516 1070 dextro».
538 1007 584 1071 Cf.
605 1009 701 1089 Verg.
731 1010 814 1073 Aen.
842 1009 931 1074 VIII.
962 1011 1047 1076 302:
1081 1015 1157 1075 «tua
1185 1012 1299 1076 dexter
1328 1013 1382 1078 adi
1410 1017 1494 1097 pede

364 1141 461 1184 sacra
490 1124 679 1200 secundom
708 1123 766 1188 Ov.
796 1124 885 1188 Fast
906 1126 931 1189 I.
953 1128 994 1190 67
1007 1150 1014 1190 :
1047 1126 1188 1190 «Dexter
1214 1127 1293 1192 ades
1321 1129 1492 1195 ducibus».

361 1236 548 1300 Herculem
576 1238 727 1303 datorem
751 1240 944 1303 diutiarum
973 1261 1046 1304 esse
1075 1242 1311 1306 existimabant
1337 1243 1492 1316 Romani,

362 1371 466 1432 quare
488 1354 519 1415 ei
539 1352 703 1417 decimam
722 1360 853 1436 partem
873 1377 998 1429 eorum,
1020 1378 1091 1439 quae
1110 1359 1372 1439 acquisivissent.
1392 1361 1491 1424 sacri-

359 1465 511 1530 ficabant
523 1493 531 1544 ;
552 1473 591 1533 of.
612 1470 746 1568 Horatii
764 1471 885 1541 locum,
907 1492 1006 1554 quem
1035 1473 1169 1536 Persius
1199 1477 1276 1535 ante
1297 1474 1491 1539 1111111111-

358 1581 444 1655 buit,
467 1581 534 1647 Sat
556 1584 597 1648 IL
620 1588 650 1659 6,
675 1586 822 1651 lit-13:

484 1739 509 1798 Ο
532 1741 558 1798 si
579 1761 691 1801 urnam
713 1745 834 1818 argenti
854 1745 917 1804 fors
940 1765 1006 1822 quic
1029 1745 1107 1803 mihi
1128 1748 1266 1815 mostret,
1289 1749 1322 1804 ut
1343 1745 1397 1814 illi,

481 1856 640 1917 Thesauro
660 1861 789 1919 invento
812 1863 864 1937 qui
884 1863 1117 1920 mercennarius
1140 1881 1245 1935 agrum

479 1971 572 2031 Illum
592 1975 696 2049 ipsum
718 1979 871 2035 mercatus
892 1979 1001 2048 aravit,
1024 1977 1108 2036 dives
1130 1982 1230 2035 ‹ruuro

477 2087 621 2148 Hercule.

353 2275 521 2339 Praeterea
538 2278 576 2340 cf.
596 2298 672 2341 cum
687 2300 752 2343 vss.
768 2282 886 2345 s—la
901 2282 1032 2346 Petron.
1052 2285 1113 2348 88:
1139 2286 1202 2346 «Ac
1215 2306 1257 2348 ne
1273 2286 1396 2350 bonam
1410 2289 1482 2370 qui-

354 2389 431 2452 dem
450 2397 601 2456 mentem
625 2399 684 2457 aut
711 2395 834 2460 bonam
861 2397 1090 2462 valetudinem
1117 2404 1246 2479 petunt,
1269 2401 1327 2465 sed
1356 2404 1480 2473 statim,

353 2509 538 2588 antequam
556 2507 661 2572 limen
681 2509 838 2592 Capitolii
862 2517 1013 2594 tangant,
1035 2515 1121 2578 alius
1150 2515 1275 2580 donum
1303 2519 1478 2598 promittit,

352 2622 380 2683 si
399 2623 629 2705 propinquum
648 2625 786 2690 divitem
806 2628 969 2704 extulerit,
985 2631 1080 2706 alins,
1096 2632 1123 2694 si
1143 2633 1339 2696 thesaurum
1359 2633 1479 2698 effode-

349 2737 412 2800 riu
438 2742 472 2800 et
490 2737 623 2804 Horatii
641 2743 762 2817 locum,
783 2766 882 2827 quem
907 2746 1040 2810 Persius
1069 2748 1304 2828 proculdubio
1324 2750 1479 2813 imitatus

349 2855 411 2926 est,
433 2852 494 2933 Ep,
517 2854 541 2917 Ι.
566 2857 615 2930 16,
637 2858 788 2924 57-611

431 3010 490 3069 Vir
510 3012 618 3084 bonus,
641 3035 733 3075 omne
754 3018 856 3079 forum
879 3041 969 3097 quem
992 3029 1110 3099 spectat
1132 3029 1161 3083 11
1184 3045 1274 3084 omne
1297 3026 1441 3095 tribunal,

431 3125 694 3208 Quandocumque
717 3134 789 3193 deos
809 3138 858 3195 vel
878 3158 973 3214 porco
993 3141 1043 3199 vel
1064 3141 1140 3200 bove
1162 3142 1273 3217 placat,

434 3242 525 3302 «Iane
546 3250 650 3320 pater»
677 3250 870 3321 claraclara
894 3274 963 3313 cum
985 3254 1063 3314 dixit
1089 3258 1243 3333 «Apollo»,

428 3358 532 3418 Labra
553 3368 657 3422 movet
678 3371 819 3426 metuens
841 3370 958 3431 audiri:
985 3372 1134 3432 «Pulchra
1154 3376 1304 3444 Lauerna,

427 3475 477 3533 Da
497 3478 578 3537 mihi
597 3479 713 3551 fellere,
736 3482 775 3540 da
796 3485 876 3543 iusto
898 3493 1065 3565 sanctoque
1086 3489 1194 3561 videri,

426 3593 557 3651 Noctem
577 3598 712 3669 peccatis
734 3602 765 3656 et
785 3600 944 3662 fraudibus
967 3607 1065 3665 obiice
1087 3610 1231 3672 nubem».

396 3780 598 3847 ula-14.
622 3786 835 3868 pupillumve
864 3794 1010 3877 utiuuiu,
1040 3818 1139 3882 queue
1160 3806 1343 3885 prouiuuu
1372 3807 1468 3874 boues·

342 3891 499 3977 impelle,
516 3916 726 3987 cupuupcuu,
741 3912 829 3970 recte
850 3911 995 3977 scholia:
1021 3916 1112 3981 «Non
1129 3921 1242 4002 utique
1263 3927 1354 3987 tutor
1372 3928 1467 3990 cuius

343 4009 395 4084 sit
411 4010 470 4073 sed
485 4032 627 4092 puerum
644 4018 753 4083 adhuc
767 4023 857 4087 intra
872 4029 1057 4109 pupillares
1075 4055 1182 4099 annos
1194 4041 1414 4104 constitutum
1434 4048 1468 4105 11

343 4126 494 4190 nondum
514 4149 580 4192 suae
597 4136 720 4210 tutelae,
741 4140 836 4203 cuius
865 4145 1031 4210 secundus
1059 4151 1155 4215 heres
1184 4154 1383 4219 substitutus
1404 4162 1462 4225 est.

342 4241 370 4302 si
389 4240 577 4310 efferatur».
591 4249 711 4330 Agitur
729 4256 819 4317 enim
838 4257 879 4323 de
893 4262 1067 4345 pupillari
1086 4268 1336 4355 substitutione,
1348 4272 1388 4335 de
1399 4295 1464 4356 qua

343 4354 413 4420 Gai
426 4358 469 4421 Π.
487 4359 568 4425 174:
592 4364 740 4432 «Liberis
752 4375 876 4438 nostris
887 4378 1126 4459 impuberibus,
1141 4406 1223 4467 quos
1242 4389 1279 4451 in
1297 4394 1462 4469 potestate

341 4470 512 4549 habemus,
545 4498 615 4541 non
649 4483 758 4547 solum
789 4488 846 4564 ita,
876 4497 914 4556 ut
945 4515 1046 4575 supra
1074 4499 1226 4579 diximus,
1261 4507 1461 4571 substituere

392 4615 528 4667 sunau:
540 4623 566 4664 a
582 4624 758 4671 caesaraea
771 4628 864 4673 sauroe
1355 4630 1371 4679 9
