3917 5475
793 711 903 756 sarrae
918 711 948 757 v.
966 711 1026 756 ao—
1048 709 1089 757 aa
1462 694 1514 746 945

390 888 486 951 form.
506 908 538 968 p.
569 887 621 950 31.
653 887 763 952 Grae:
796 888 957 951 «Planum
978 892 1029 951 est
1045 937 1052 951 .
1071 938 1105 954 ..
1128 890 1165 952 in
1184 910 1248 972 quo
1268 890 1513 972 longitudinem

390 1006 422 1064 et
440 1001 654 1064 latitudinem
683 1002 876 1077 habeamus,
906 1022 967 1083 per
994 1022 1066 1083 quae
1087 1002 1188 1066 etiam
1205 1053 1213 1066 .
1231 1051 1265 1067 ..
1287 1023 1389 1086 opera
1411 1006 1513 1068 teoto-

192 1155 198 1162 -
265 1165 268 1170 .
388 1116 446 1187 ria,
479 1116 700 1190 inauraturae,
730 1115 861 1180 tabulas
894 1117 1008 1179 ethis
1037 1117 1172 1180 similia.
1202 1114 1510 1183 Solidumest...

388 1231 483 1293 ouius
501 1231 749 1312 longitudinem
779 1235 811 1294 et
839 1231 1055 1295 latitudinem
1084 1236 1116 1295 et
1138 1233 1394 1298 erassitudinem
1417 1234 1513 1296 meti·

387 1365 471 1410 mur.
493 1347 530 1406 ut
549 1345 717 1425 parietum
738 1349 953 1409 etmoturas».
970 1347 1088 1428 Itaque
1101 1348 1224 1422 omnia,
1245 1367 1317 1429 quae
1337 1346 1379 1409 ad
1399 1368 1513 1429 super-

386 1458 497 1522 ficiem
517 1459 744 1530 illinebantur,
767 1464 907 1524 tectoria
925 1464 1097 1535 vooantur.
1118 1465 1156 1524 ut
1174 1461 1397 1526 medicamina
1416 1464 1513 1526 faciei

387 1573 476 1656 apud
499 1576 617 1639 Juven.
638 1575 692 1639 VL
722 1577 797 1640 467.
818 1576 890 1638 Iam
913 1597 992 1639 vero
1017 1576 1118 1656 pulsu
1147 1577 1244 1639 faoile
1267 1580 1379 1658 potest
1397 1578 1513 1658 digno-

388 1691 443 1764 soi,
464 1694 578 1754 utrum
607 1691 718 1772 paries
739 1712 755 1754 e
775 1692 887 1773 lapide
918 1695 1026 1755 faetus
1049 1713 1094 1755 an
1112 1693 1251 1756 tectorio
1276 1693 1513 1775 superinduoto

387 1808 525 1868 ornatus
555 1807 627 1869 sit.»
650 1844 695 1852 —
713 1805 865 1872 solidum
894 1813 1014 1892 erepet,
1045 1827 1185 1892 crepare
1214 1829 1289 1871 oum
1313 1789 1511 1885 accusativo,

385 1924 423 1982 ut
441 1920 500 1984 ΙΠ.
520 1922 583 1985 21:
607 1925 724 2002 «sonat
741 1923 861 1986 vitium
868 1946 893 1992 o.
911 1923 948 1986 V.
970 1925 1052 1989 106:
1077 1923 1144 1986 «Ne
1157 1944 1222 2005 qua
1243 1923 1407 1987 subaerato
1418 1945 1512 1988 men·
1550 1971 1554 1977 -

386 2035 504 2098 dosum
517 2037 641 2099 tinniat
654 2057 753 2101 auro»
768 2061 775 2113 ;
797 2040 837 2101 of.
852 2038 947 2102 Luor.
961 2039 1021 2103 ΠΙ.
1036 2039 1121 2103 873:
1146 2039 1334 2102 «sincerum
1352 2059 1488 2103 sonere»
1503 2062 1512 2114 ;

384 2149 465 2214 Hor.
488 2149 553 2216 Sat.
574 2151 617 2214 ΙΙ.
640 2152 668 2226 3,
701 2153 761 2216 33:
795 2150 849 2217 «Si
873 2153 952 2235 quid
973 2152 1155 2218 Stertinius
1172 2155 1244 2218 veri
1264 2157 1409 2236 erepet».
1435 2155 1511 2217 Per-

388 2267 475 2330 sium
494 2268 645 2331 imitatue
666 2273 716 2331 est
734 2269 859 2333 Auson.
880 2269 928 2332 ld.
949 2269 1035 2333 XVI.
1059 2271 1119 2334 13:

466 2424 512 2484 sit
533 2425 677 2497 solidum,
701 2426 913 2503 quodcumque
935 2426 1047 2497 subest,
1069 2445 1127 2485 nee
1149 2428 1259 2485 inania
1280 2427 1385 2485 subter

463 2541 584 2600 Indioet
606 2542 746 2601 admotus
768 2541 873 2616 digitis
894 2541 1081 2617 pellentibus
1101 2543 1189 2603 ictus.

383 2765 428 2773 —
442 2726 545 2811 picta
558 2727 699 2793 tectoria
712 2727 848 2814 lingum,
863 2727 1020 2815 ἐναλλαγή
1038 2727 1189 2793 ἐπιθέτων
1207 2750 1283 2811 pro:
1303 2729 1393 2811 pieta
1409 2734 1511 2796 teoto·

382 2844 433 2907 ria
451 2844 575 2924 lingnae
586 2869 593 2919 ;
614 2844 790 2907 tectorium
804 2845 895 2907 enim
913 2845 1083 2926 parietum
1105 2849 1175 2908 erat
1193 2846 1330 2926 pictum.
1358 2845 1510 2912 Tectoria

389 2958 516 3043 linques
537 2963 615 3021 sunt
641 2958 742 3023 verbe
762 2960 928 3034 simulata,
949 2979 1046 3022 veros
1066 2960 1172 3022 animi
1192 2958 1330 3024 effeetus
1349 2963 1507 3042 tegentia.

439 3071 476 3137 V.
498 3075 640 3139 ari—ne.
661 3072 735 3149 Hie,
766 3076 802 3136 in
830 3075 893 3137 hao
919 3094 963 3149 re,
995 3077 1032 3136 ut
1062 3073 1157 3153 Verg.
1189 3074 1247 3138 Ge.
1272 3075 1314 3138 Il.
1334 3076 1396 3139 45:
1422 3096 1509 3139 «non

387 3188 441 3250 hio
460 3191 493 3251 te
513 3190 659 3251 carmine
688 3188 763 3251 fioto
794 3190 902 3270 Atque
930 3210 992 3270 per
1019 3189 1176 3270 ambages
1206 3193 1239 3251 et
1263 3189 1366 3269 longa
1394 3210 1509 3253 exorsa

386 3304 548 3381 teneb0u3
571 3304 649 3368 Sall.
679 3304 749 3368 Cat.
779 3306 830 3379 52,
855 3306 912 3369 11:
946 3304 1029 3367 «Hie
1047 3306 1132 3367 mihi
1158 3307 1334 3386 quisquam
1353 3326 1509 3368 mansue·

385 3418 538 3484 tudinem
559 3425 591 3483 et
609 3421 872 3487 misericordiam
896 3421 1080 3484 nominat.»
1103 3458 1148 3465 -
1167 3424 1325 3484 casalonos
1344 3469 1352 3484 .
1369 3472 1375 3483 .
1395 3472 1400 3482 .
1423 3420 1507 3504 sou·

385 3553 446 3610 oea,
467 3539 505 3598 ut
525 3556 625 3617 supra
645 3538 702 3615 (vs.
724 3538 766 3616 6.)
785 3539 923 3600 centeno
942 3538 1088 3620 gutture,
1114 3557 1193 3617 pro:
1214 3538 1369 3609 eentum;
1391 3536 1430 3598 of.
1452 3533 1509 3599 ed-

385 3652 594 3715 notationem
614 3651 656 3715 ad
675 3654 707 3716 h.
724 3653 747 3716 l.
769 3656 801 3715 et
824 3652 921 3733 Prop.
945 3652 1005 3715 ΙΙΙ.
1026 3652 1078 3725 32,
1103 3652 1162 3715 16:
1187 3654 1363 3732 «septenas
1381 3655 1508 3733 tempe-

383 3772 435 3831 rat
453 3768 545 3833 unda
562 3769 664 3833 viae.»
687 3807 731 3814 -
751 3768 876 3843 oasim,
906 3768 1073 3832 ooniunot.
1107 3787 1251 3849 synoop,
1276 3770 1314 3830 ut
1336 3766 1417 3830 Hor.
1439 3762 1507 3831 Sat

383 3885 408 3948 I.
433 3885 481 3953 10.
502 3885 654 3949 48—49:
688 3905 814 3967 «neque
835 3904 894 3965 ego
915 3884 965 3947 illi
985 3884 1160 3947 detrahere
1179 3883 1296 3948 ausina
1314 3884 1508 3947 Haerentem

384 4001 485 4081 oapiti
508 4002 616 4063 multa
644 4021 719 4063 oum
747 4000 846 4063 laude
875 4020 1062 4063 eoronam.»
1093 4037 1138 4043 —
1170 3999 1339 4081 quonium
1362 3997 1450 4062 milri
1477 3998 1509 4063 te

384 4114 525 4180 sinuoso
547 4116 583 4178 ia
597 4119 733 4199 pectore
760 4114 833 4199 fimi,
864 4117 1072 4196 quantopere
1093 4134 1242 4177 amorem
1261 4117 1357 4176 tuum
1377 4115 1412 4176 in
1431 4133 1507 4195 pee-

382 4234 437 4295 tus
468 4233 587 4313 reoepi.
620 4269 664 4275 —-
694 4234 872 4314 quantum,
906 4234 1122 4312 quantopere,
1156 4233 1194 4293 ut
1221 4229 1317 4311 Verg.
1348 4229 1431 4292 Aen.
1462 4228 1505 4292 Π.

384 4347 579 4411 neuma:
613 4346 708 4410 «Heu
734 4346 828 4421 mihi,
859 4346 967 4427 qualis
999 4348 1077 4419 erat,
1108 4349 1270 4426 quantum
1297 4347 1446 4408 mutatus
1465 4344 1507 4407 ab

383 4462 441 4525 illo
471 4461 644 4525 Hectore.»
667 4498 711 4505 -
729 4460 869 4525 sinuoso
899 4460 936 4523 ia
962 4462 1107 4544 pectore.
1138 4462 1174 4522 in
1201 4463 1335 4541 peotore
1365 4459 1485 4522 intimo
1497 4480 1505 4534 ;
