3917 5475
483 667 536 719 278
879 688 991 732 SA'I’IRA
1005 686 1034 731 V.
1053 684 1112 731 115-
1126 686 1204 732 -118.

483 865 602 946 quibus
634 866 801 928 simulatio
834 865 991 928 facillime
1023 866 1215 939 sustinetur,
1236 865 1447 941 declaranti3
1476 864 1602 928 Phaedr.

482 981 536 1044 IV.
557 982 587 1050 λ.
609 983 715 1046 5—-bz
740 982 831 1045 «Non
852 1001 983 1062 semper
1012 1001 1051 1043 ea
1078 984 1166 1055 sunt,
1188 1002 1259 1062 quae
1278 982 1452 1056 videntur;
1481 979 1605 1061 decipit

482 1096 590 1160 Frons
610 1098 718 1178 prima
738 1097 893 1160 multos».
927 1095 1082 1160 Ceterum
1103 1097 1234 1160 Persius
1254 1098 1317 1160 hoo
1334 1098 1407 1160 loeo
1436 1097 1473 1158 in
1498 1100 1604 1159 meta-

481 1213 597 1295 phoris
617 1211 814 1275 adhibendis
834 1234 902 1276 non
928 1217 977 1274 est
1009 1213 1071 1274 sibi
1100 1217 1276 1289 constans3
1307 1213 1347 1276 ds
1360 1188 1405 1276 eo
1426 1213 1526 1281 enim.
1547 1211 1604 1293 qui

481 1330 591 1390 fronte
610 1329 744 1410 politus.
766 1329 787 1391 i.
807 1350 832 1391 e.
855 1332 990 1390 externa
1010 1329 1120 1409 speeie
1140 1328 1278 1391 deeorus
1298 1332 1356 1397 est,
1375 1325 1604 1390 nondebebat

482 1444 609 1508 dicere:
635 1444 846 1507 «Pellioulam
865 1448 1012 1507 veterem
1032 1445 1188 1508 retines»,
1217 1483 1262 1488 —
1290 1444 1450 1508 Asturam
1480 1440 1602 1525 stupido

481 1579 599 1625 servos
632 1559 666 1622 in
690 1561 824 1642 pectore
853 1559 993 1643 volpem,
1014 1561 1096 1623 vitia
1123 1565 1181 1623 tua
1208 1581 1319 1623 servas
1348 1561 1383 1622 in
1416 1560 1538 1622 animo.
1558 1594 1604 1599 --

481 1675 658 1741 Astutom.
675 1726 702 1738 ..
725 1674 867 1758 botperti,
889 1678 926 1738 ut
945 1675 1026 1738 Hor.
1046 1674 1112 1739 Sat.
1132 1676 1174 1739 Il.
1197 1678 1225 1749 3,
1247 1677 1329 1740 186:
1355 1676 1491 1737 «Astuta
1510 1674 1603 1753 inge-

481 1812 586 1854 nuum
604 1791 722 1873 vulpes
741 1791 871 1853 imitata
890 1791 1078 1855 monemur
1098 1790 1262 1854 Homines
1282 1791 1389 1853 malos
1409 1811 1484 1853 oum
1502 1788 1603 1869 vulpe

480 1927 672 1989 comparare
693 1906 845 1970 solebant
865 1904 968 1970 Stoioi
980 1931 987 1982 ;
1018 1910 1057 1970 of.
1078 1908 1185 1989 Epist.
1205 1908 1230 1970 Ι.
1253 1908 1281 1981 3,
1304 1909 1342 1970 7:
1363 1903 1402 1970 Οἱ
1425 1908 1548 1977 πλείους
1573 1901 1601 1967 δ’

479 2021 566 2109 ἡμῶν
590 2019 749 2094 ἀλώπεκες
769 2025 823 2086 καί
839 2019 898 2085 ὅσα
915 2020 946 2085 ἐν
963 2025 1052 2105 ζῴοις
1070 2020 1263 2109 ἀτυχήματα.
1288 2020 1326 2086 Τί
1345 2027 1402 2105 γάρ
1428 2021 1507 2085 ἐστιν
1523 2018 1603 2084 ἄλλο

480 2137 620 2220 λοίδορος
641 2141 695 2202 καὶ
718 2139 882 2224 κακοήθης
908 2136 1082 2220 ἄνθρωπος,
1109 2136 1128 2224 ἢ
1154 2136 1297 2223 blatern&
1319 2137 1366 2201 Of.
1388 2138 1489 2199 etiarn
1509 2136 1602 2198 Phae-

480 2253 530 2316 dri
550 2253 697 2315 fabulam
713 2254 808 2334 (App.
826 2253 851 2315 l.
867 2254 909 2330 3.)
925 2253 965 2316 de
984 2254 1084 2335 vulpe
1101 2255 1136 2316 in
1154 2255 1336 2316 humanam
1357 2253 1502 2335 speeiem
1522 2271 1602 2313 aon-

478 2389 575 2432 versa
587 2393 594 2432 τ

539 2458 544 2466 ¹
639 2483 788 2540 Naturam
809 2485 931 2557 turpem
951 2484 1036 2541 nulla
1056 2485 1179 2544 fortuna
1201 2484 1324 2559 obtegit.

636 2598 812 2656 Humanam
835 2599 868 2654 in
890 2601 1024 2673 speeiem
1046 2620 1115 2658 eum
1135 2604 1278 2660 vertisset
1298 2601 1437 2676 Iuppiter

530 2814 545 2845 *
564 2811 741 2879 Interpretes
769 2828 826 2861 non
852 2810 1119 2865 animadverterunt
1144 2815 1300 2867 Horatium
1332 2816 1387 2866 hoe
1415 2832 1501 2867 versu
1527 2815 1600 2866 allu-

478 2912 543 2962 dere
563 2909 600 2962 ad
617 2908 744 2961 fabulam
768 2909 803 2961 de
822 2910 904 2961 leone
924 2912 952 2962 et
970 2911 1056 2978 vulpe
1076 2909 1206 2978 (Ἀλώπηξ
1219 2913 1258 2963 καί
1270 2913 1354 2979 λέων),
1368 2930 1430 2979 quae
1443 2913 1474 2963 in
1488 2913 1601 2979 sylloge

476 3008 639 3061 fabularum
658 3007 864 3074 Aesopioarum
884 3024 901 3059 a
920 3007 1039 3059 Halmio
1059 3009 1137 3061 edita
1157 3010 1283 3077 (Lipsiae,
1302 3010 1442 3073 Teubner,
1465 3027 1491 3063 a.
1520 3009 1601 3075 1860,

476 3126 503 3176 p.
532 3106 575 3157 90.
602 3122 629 3158 n.
658 3102 704 3171 41)
733 3104 855 3172 legitur:
882 3102 1002 3170 ’λλώπηξ
1030 3105 1110 3157 λέοντι
1139 3112 1215 3173 συνῆν
1235 3105 1258 3159 ἔν
1278 3107 1397 3177 ὑπηρέτου
1417 3107 1600 3179 ποοσχίηματι’

476 3205 515 3255 καὶ
533 3204 548 3269 ἡ
569 3203 611 3274 μὲν
640 3202 715 3274 ἄγρας
743 3202 854 3273 ἐμήνυεν,
874 3202 886 3253 ὁ
907 3202 933 3253 δὲ
954 3202 1080 3272 ἐμπίπτων
1109 3202 1254 3275 ἐλάμβανεν.
1271 3203 1400 3276 Ἕκατέρῳ
1428 3208 1507 3259 τοίνυν
1536 3208 1601 3277 προς

476 3303 519 3368 τὴν
538 3302 605 3366 ἀξίαν
625 3303 730 3372 διηρείτο
751 3302 825 3371 μερίς.
844 3300 1039 3366 Ζηλοτυπήσασα
1060 3303 1086 3352 δὲ
1105 3302 1119 3366 ᾗ
1140 3302 1244 3369 ἀλώπηξ
1256 3307 1305 3355 τῶν
1319 3304 1430 3356 πλεόνων
1443 3304 1484 3355 τὀν
1498 3302 1600 3369 λέοντα,

475 3402 551 3469 θηρᾶν
572 3398 623 3451 ἁντλ
643 3404 685 3450 τοῦ
705 3398 803 3469 μηνύειν
833 3398 922 3468 ᾑρεῖτο.
947 3399 993 3449 Καὶ
1022 3399 1159 3469 πειρωμένη
1189 3400 1291 3466 ποίμνης
1319 3420 1340 3452 τι
1368 3402 1461 3470 λαβεῖν,
1489 3401 1599 3470 κατέστη

476 3498 561 3567 πρώτη
582 3501 631 3559 τοῖς
650 3501 759 3566 θηρῶσιν
780 3496 812 3557 είς
831 3497 940 3566 θήραμα.
955 3496 1098 3567 ”Appetitas
1126 3499 1219 3568 μᾶλλον
1239 3498 1356 3567 ἀσφαλῶς
1377 3499 1483 3570 ἄμεινον,
1501 3502 1517 3566 ἢ
1537 3520 1599 3571 κρα-

475 3600 522 3647 τεῖν
544 3597 680 3665 σφαλερῶς.
700 3596 793 3660 Quare
813 3595 872 3648 Sat.
891 3596 930 3647 Π.
950 3596 974 3659 3,
994 3612 1052 3648 vss.
1075 3596 1229 3649 isa-186:

616 3721 652 3772 In
671 3721 761 3772 eicere
781 3723 866 3787 atque
886 3719 952 3771 faba
970 3720 1047 3771 bona
1064 3723 1096 3771 tu
1115 3721 1276 3788 perdasque
1296 3721 1416 3788 lupinis,

615 3820 706 3871 Latus
726 3823 757 3871 ut
775 3821 806 3870 in
825 3820 901 3870 circo
921 3819 1045 3886 spatiere
1066 3821 1092 3869 et
1112 3835 1218 3870 aeneus
1237 3821 1269 3869 ut
1290 3822 1357 3881 stes,

617 3919 718 3969 Nudus
739 3917 826 3984 agris,
847 3918 942 3969 nudus
962 3918 1100 3979 nummis,
1119 3916 1229 3979 insane,
1249 3917 1404 3983 paternis?

616 4015 732 4067 Scilicet
752 4019 783 4066 ut
803 4016 934 4083 plausus,
956 4031 1028 4081 quos
1048 4013 1102 4065 fert
1122 4013 1259 4081 Agrippa,
1279 4014 1354 4065 feras
1374 4017 1416 4076 tu,

615 4115 719 4165 Astuta
738 4114 897 4181 ingenuum
917 4114 1018 4179 vulpes
1037 4111 1151 4162 imitata
1170 4111 1291 4173 leonem,

472 4264 514 4314 ita
533 4267 599 4315 sunt
619 4263 846 4331 interpretandi:
868 4264 943 4315 situ
973 4264 1004 4315 in
1033 4263 1127 4331 gratia
1154 4262 1256 4330 populi
1285 4263 1429 4330 captanda
1456 4263 1599 4333 Agrippae

472 4359 675 4413 liberalitatem
703 4361 837 4425 imitaris,
865 4361 965 4429 perdis
994 4363 1022 4412 te
1051 4361 1157 4427 ipsum,
1185 4362 1217 4410 ut
1246 4361 1356 4426 vulpes,
1385 4377 1447 4425 qua
1478 4362 1600 4416 leonem

471 4456 579 4510 imitari
599 4458 698 4511 voluit.
