3917 5475
470 712 504 761 6⁰2
923 729 1033 773 serras
1049 731 1068 773 1.
1090 728 1130 773 ιι).

470 908 570 971 verba
593 911 708 989 poesae.
730 908 855 970 Multos
879 907 1026 973 offendit
1049 905 1136 987 quod
1164 907 1356 968 coniunctio
1385 906 1593 971 adversativa

470 1020 531 1087 sed
549 1023 637 1085 nihil
655 1023 785 1085 videtur
813 1023 945 1096 habere,
976 1043 1041 1103 quo
1073 1023 1243 1084 referatur.
1275 1020 1339 1085 Sed
1358 1024 1472 1085 omnia
1490 1024 1590 1103 plana

471 1140 557 1202 fiunt
576 1139 696 1201 collato
716 1138 796 1202 Hor.
819 1138 885 1202 Sat.
907 1138 947 1201 II.
972 1139 999 1205 1.
1022 1138 1050 1204 5.
1072 1138 1130 1199 ubi
1149 1142 1249 1220 poeta
1269 1139 1388 1199 satiras
1408 1139 1592 1218 scripturus

471 1253 662 1317 Trebatium
686 1254 887 1335 interrogat:
914 1253 1020 1333 «Quid
1039 1255 1169 1322 faciam.
1188 1254 1393 1334 praescribe»
1419 1254 1514 1334 isque
1543 1272 1592 1315 re-

474 1369 633 1452 spondet:
667 1371 876 1447 lQuiescas».
897 1370 997 1432 Hunc
1016 1370 1128 1432 locum
1148 1374 1225 1431 ante
1246 1371 1360 1431 oculos
1379 1369 1497 1431 habuit
1516 1369 1592 1430 Per-

474 1488 552 1554 sius.
574 1505 676 1565 quare
695 1485 794 1547 verba
824 1487 895 1547 eius
923 1486 1033 1547 hunce
1064 1487 1100 1547 in
1130 1485 1267 1548 modum
1288 1489 1366 1548 sunt
1386 1483 1592 1579 supplenda:

477 1600 581 1680 «Quid
600 1602 747 1663 faciam?
766 1601 966 1679 Quiescam?
994 1600 1057 1665 Sed
1087 1622 1178 1664 sum»
1212 1605 1271 1665 etc.
1303 1601 1349 1665 Of.
1381 1602 1482 1663 etiam
1510 1600 1592 1663 Hor.

473 1719 539 1784 Sat.
561 1718 601 1781 ΙΙ.
627 1719 652 1786 1,
674 1720 825 1782 alr—ae:

593 1876 673 1948 Quid
694 1877 826 1934 faciam?
847 1875 946 1935 Saltat
966 1876 1124 1946 Milonius,
1146 1878 1181 1934 ut
1203 1878 1297 1945 semel
1318 1878 1379 1935 icto

592 1992 729 2051 Accessit
749 1992 852 2049 fervor
873 1993 967 2066 capiti
988 2010 1195 2067 numerusque
1216 1992 1350 2050 lucernis
1361 2012 1367 2063 ;

593 2106 703 2166 Castor
723 2107 835 2182 gaudet
856 2109 952 2183 equis,
974 2125 1032 2164 ovo
1054 2110 1222 2182 prognatus
1245 2108 1354 2166 eodem

593 2223 723 2297 Pugnis;
747 2226 821 2298 quot
842 2224 978 2297 capitum
999 2223 1116 2292 vivunt,
1138 2222 1267 2281 totidem
1289 2224 1461 2283 studiorum

593 2338 700 2407 Milia3
723 2357 772 2395 me
794 2337 923 2413 pedibus
945 2338 1078 2396 delectat
1099 2338 1239 2396 claudere
1261 2338 1351 2397 verba

591 2454 691 2512 Lucili
712 2456 782 2511 ritu.

471 2678 513 2685 -ψ
528 2642 712 2725 petulanti,
729 2645 768 2705 cf.
787 2643 875 2705 Fest.
889 2663 920 2724 p.
938 2643 1013 2707 206.
1031 2642 1145 2705 Muell.
1161 2645 1202 2723 (p.
1221 2643 1295 2707 250.
1316 2641 1364 2704 ed.
1383 2642 1594 2721 'lhewrewkp

475 2761 686 2823 «Petulantes
712 2763 744 2821 et
763 2760 888 2841 petulci
908 2760 1009 2822 etiam
1038 2760 1259 2840 appellantur,
1281 2759 1337 2840 qui
1357 2761 1511 2841 protervo
1531 2759 1594 2821 im·

471 2879 551 2957 petu
577 2882 609 2938 et
628 2876 741 2937 crebro
771 2879 891 2957 petunt
918 2873 1060 2937 laedendi
1081 2875 1219 2937 alterius
1247 2875 1386 2955 gratia».
1408 2913 1452 2919 -
1471 2875 1596 2958 spicae,

473 2994 512 3054 cf.
535 2991 679 3054 scholia:
704 2989 912 3054 «Secundum
940 2991 1097 3071 physicos
1117 2989 1205 3060 dicit,
1228 2991 1284 3072 qui
1304 2990 1419 3052 dicunt
1439 2991 1593 3053 homines

473 3107 587 3192 spicae
615 3105 738 3185 ridere,
769 3106 847 3167 felle
875 3106 982 3172 irasci.
1013 3106 1122 3167 iecore
1153 3126 1274 3174 amare.
1307 3105 1404 3168 corde
1435 3125 1593 3187 sapere»;

472 3224 556 3287 Plin.
578 3222 615 3284 N.
636 3221 678 3284 H.
699 3222 754 3285 XI.
776 3222 859 3286 0205:
885 3222 943 3283 «Et
962 3240 1023 3303 per
1040 3221 1162 3283 vulnus
1183 3225 1334 3303 exempto
1354 3221 1465 3299 (liene)
1484 3221 1594 3283 vivere

474 3339 634 3402 animalia
653 3337 776 3400 dieunt.
808 3335 893 3400 Sunt
921 3336 977 3416 qui
1005 3339 1126 3417 putent
1154 3335 1257 3398 adimi
1287 3336 1387 3398 simul
1411 3337 1515 3399 risum
1535 3336 1593 3398 ho-

472 3455 558 3519 mini
576 3453 936 3536 intemperantiamque
954 3452 1025 3514 eius
1039 3454 1191 3514 constare
1208 3451 1309 3514 lienis
1322 3450 1573 3531 magnitudine»
1586 3476 1593 3527 3

474 3570 586 3636 Seren.
606 3565 774 3634 Sammon.
792 3569 867 3631 4⁶26,
886 3568 946 3645 (ed.
964 3568 1168 3646 Baehrenst:
1194 3565 1313 3649 «Splen
1334 3566 1483 3630 tumidus
1495 3571 1596 3630 nocet

476 3692 507 3749 et
526 3688 631 3749 risum
655 3690 768 3748 tamen
796 3683 887 3747 addit
915 3686 1100 3764 ineptum».
1125 3721 1160 3727 —
1184 3682 1357 3757 cachinno,
1379 3681 1515 3757 derisor,
1538 3683 1594 3764 qui

476 3803 560 3864 alios
572 3800 716 3863 libenter
733 3800 878 3876 deridet;
898 3798 977 3871 ἅπαξ
991 3796 1161 3885 εἰρημένον.
1175 3798 1272 3882 Apud
1289 3799 1456 3861 Lucilium
1472 3798 1594 3880 saepius
1648 3845 1650 3851 .

475 3920 652 3980 occurrunt
671 3917 752 3978 talia
767 3916 906 3978 nomina
925 3915 1133 3979 substantiva
1152 3917 1188 3977 in
1208 3933 1226 3979 ο
1247 3914 1444 3982 desinentia,
1462 3917 1501 3976 ut
1517 3931 1594 3978 coa-

477 4031 552 4096 br'bo
572 4032 603 4107 (l.
625 4031 739 4095 XXVI.
769 4052 815 4094 vs.
847 4033 898 4095 66.
920 4031 969 4094 ed.
1000 4032 1078 4094 Luc.
1109 4030 1269 4110 Mueller),
1292 4027 1428 4094 comedo
1449 4029 1496 4107 (V.
1517 4029 1593 4102 lla.

476 4147 589 4212 cat'llc
610 4146 769 4225 (XXVIII.
791 4148 865 4224 la).
895 4147 1023 4212 maudo
1043 4148 1118 4225 (inc.
1143 4148 1236 4225 163.).
1257 4147 1391 4209 Persius
1409 4146 1514 4228 igitur
1532 4144 1594 4208 hcc

474 4262 610 4327 verbum
628 4267 686 4325 aut
705 4284 724 4325 a
744 4262 871 4324 Lucilio
889 4262 1071 4343 sumpsisse
1088 4266 1146 4326 aut
1164 4261 1206 4326 ad
1223 4261 1479 4324 similitudinem
1497 4260 1594 4324 Luci-

475 4380 642 4444 lianorum
661 4377 797 4441 finxisse
816 4375 956 4441 videtur.

529 4494 633 4557 Pars
668 4492 806 4574 prima
843 4494 882 4569 (v,
916 4493 1068 4571 13—30.)
1105 4490 1327 4578 Castipaatur
1361 4495 1471 4576 poctae
1498 4492 1594 4572 muli,
