3917 5475
477 634 528 687 111
886 654 997 698 sarisa
1013 653 1048 697 11.
1066 652 1188 698 censa.

476 837 661 898 statuarum
681 833 765 896 serie
786 830 827 893 ad
847 830 1069 893 ordinandam
1092 831 1258 911 porticum
1278 829 1525 898 collocatarum.
1547 831 1598 893 in-

474 954 526 1011 ter
544 969 579 1011 se
599 948 701 1028 igitur
720 946 977 1018 simillimarum,
1004 965 1109 1007 unum
1130 945 1312 1008 alterumve
1333 945 1452 1007 eximie
1473 944 1597 1007 benefi-

475 1084 551 1125 cum
570 1062 722 1125 habitum
751 1062 853 1124 fuisse
885 1065 917 1123 et
945 1061 1006 1123 tali
1025 1082 1092 1142 prae
1112 1061 1230 1124 ceteris
1250 1061 1387 1123 barbam
1407 1081 1467 1141 pro
1487 1059 1596 1122 lubitu

475 1179 634 1241 deaurare
653 1177 787 1240 licuisse
815 1177 869 1239 vix
895 1177 981 1238 mihi
999 1175 1250 1258 persuadeam».
1272 1176 1349 1239 Mea
1368 1176 1502 1258 quidem
1522 1197 1597 1240 sen-

474 1294 580 1356 tentia
598 1293 724 1378 fraires
745 1291 960 1372 inteHegendi
993 1295 1071 1354 sunt
1090 1290 1260 1371 Dioscuri,
1281 1291 1397 1356 Castor
1417 1296 1449 1354 et
1469 1292 1595 1360 Pollux,

474 1429 557 1491 quos
577 1409 634 1473 Ov.
656 1408 744 1472 Fast.
766 1408 790 1470 Ι.
813 1410 886 1471 7117.
908 1411 941 1470 et
961 1406 1050 1471 Suet.
1073 1407 1140 1471 Cal.
1162 1409 1213 1472 11.
1234 1409 1360 1494 fratres
1381 1406 1461 1473 cleos
1481 1405 1596 1488 appel-

473 1525 554 1588 lant.
589 1524 761 1588 Dioscuris
792 1527 904 1586 autem
934 1523 1098 1605 templum
1130 1523 1294 1588 dedicavit
1325 1545 1386 1587 suo
1417 1524 1595 1605 fratrisque

473 1639 575 1704 Drusi
602 1641 740 1703 nomine
771 1639 920 1703 Tiberius
950 1661 979 1704 a.
1010 1643 1039 1704 6.
1061 1662 1091 1722 p.
1123 1641 1198 1704 chr.
1228 1662 1272 1710 n..
1293 1645 1330 1703 ut
1349 1642 1517 1703 testantur
1536 1638 1593 1702 Ov.

473 1757 562 1821 Fast.
583 1757 608 1820 Ι.
631 1759 825 1822 705--7082

631 1914 673 1972 At
694 1934 760 1990 quae
781 1917 928 1974 venturas
949 1914 1088 1991 precedit
1109 1918 1194 1973 sexta
1215 1913 1379 1984 Kalendas,

670 2030 738 2089 Hac
759 2034 832 2089 sunt
852 2030 971 2089 Ledaeis
993 2031 1110 2106 templa
1131 2027 1233 2088 dicata
1255 2027 1328 2087 deis.

633 2146 795 2205 Fratribus
816 2147 869 2204 illa
891 2149 955 2207 cleis
976 2147 1087 2205 fratres
1109 2144 1145 2204 de
1167 2149 1256 2221 gente
1278 2144 1405 2204 deorum

672 2261 758 2321 Circa
780 2262 917 2320 Iuturna
939 2280 1139 2337 composuere
1160 2263 1252 2330 leone,

472 2453 504 2511 et
524 2446 613 2512 Suet.
642 2449 710 2512 Tib.
740 2451 801 2514 20:
835 2450 880 2510 «A
910 2448 1090 2513 Germania
1117 2451 1153 2511 in
1182 2450 1298 2512 urbem
1322 2454 1398 2530 post
1417 2451 1592 2513 biennium

471 2584 639 2644 regressus
667 2565 886 2645 triumphum.
910 2586 1009 2647 quem
1038 2563 1220 2637 distulerat,
1252 2566 1318 2646 egit
1337 2561 1537 2649 (Tiberius).
1555 2614 1563 2627 .
1583 2615 1590 2627 .

469 2678 642 2743 lledicavit
671 2683 703 2743 et
734 2676 930 2745 Corrccrdice
961 2679 1074 2757 eedem,
1104 2682 1185 2745 item
1209 2679 1360 2747 Pollucis
1382 2687 1414 2747 et
1436 2679 1591 2748 Castoris

470 2815 530 2859 suo
546 2796 722 2876 fratrisque
743 2797 880 2858 nomine
897 2796 1158 2863 1111100011131.
1180 2797 1274 2877 Quod
1294 2798 1474 2863 Suetonius
1494 2798 1591 2862 dicit:

469 2908 509 2974 de
527 2909 714 2990 macrobiis,
743 2912 825 2973 mire
855 2914 1008 2992 congruit
1032 2934 1107 2976 cum
1135 2935 1198 2977 ves.
1230 2916 1379 2978 sta-56:
1414 2933 1517 2979 101110
1538 2934 1591 2977 sa-

410 3084 413 3089 .
468 3046 540 3088 cras
560 3026 648 3107 quod
667 3030 764 3091 ovato
785 3027 940 3091 Perducis
962 3030 1080 3092 facies»
1098 3053 1104 3104 ;
1125 3032 1164 3093 cf.
1188 3032 1288 3093 etiam
1308 3030 1417 3094 Ovidii
1436 3030 1537 3093 verba
1549 3027 1589 3090 de

468 3141 597 3203 Tiberio
618 3141 722 3204 eedem
743 3142 1240 3209 601100111110110111011111011101.
1263 3146 1286 3209 Ι.
1310 3124 1504 3209 ser-4648:

627 3298 704 3358 Inde
727 3303 930 3377 triumphator
950 3303 1055 3360 libasti
1075 3324 1204 3362 munera
1225 3306 1326 3379 gentis

667 3416 853 3493 Templaque
875 3418 984 3488 fecisti,
1008 3440 1100 3494 quam
1122 3421 1195 3479 colis
1219 3424 1291 3496 pse,
1315 3421 1387 3481 dere.

467 3605 575 3682 Quare
603 3604 771 3667 Tiberium
798 3606 835 3667 in
862 3605 930 3669 aede
957 3628 976 3669 a
1005 3628 1039 3670 se
1068 3607 1220 3671 dedicata
1248 3614 1375 3674 statuas
1406 3613 1587 3676 collocasse

466 3718 612 3782 Castoris
633 3723 665 3781 et
684 3719 829 3783 Pollucis
850 3723 962 3803 eisque
993 3744 1030 3784 ex
1061 3742 1147 3788 01110
1168 3728 1265 3790 cocio
1286 3725 1423 3789 barbam
1444 3726 1587 3791 affixisse

466 3835 618 3915 suspicor
645 3839 677 3898 et
704 3856 769 3898 ves.
796 3837 948 3905 56—58..
981 3840 1055 3919 ipsa
1085 3839 1208 3903 Tiberii
1235 3841 1344 3911 verba.
1371 3843 1419 3904 ita
1439 3841 1586 3923 explico:

470 3947 548 4010 «Hae
568 3953 694 4017 statuae.
716 3971 797 4031 quas
815 3972 874 4033 ego
895 3951 1024 4017 Castori
1045 3960 1077 4017 et
1096 3955 1224 4019 Polluci
1236 3977 1336 4039 pono.
1351 3954 1439 4020 inter
1459 3961 1586 4020 statuas

466 4084 587 4127 aeneas
607 4065 746 4128 fratrum
774 4067 921 4135 deorum.
943 4071 1001 4150 qui
1026 4072 1157 4134 somnia
1180 4073 1322 4135 maxime
1346 4072 1490 4136 veridica
1510 4072 1586 4136 mit·

465 4182 550 4244 tunt.
571 4181 745 4261 praecipuae
759 4188 858 4246 sunto
872 4185 979 4266 sitque
993 4186 1060 4249 illis
1078 4208 1178 4251 aurea
1197 4190 1329 4253 barba».
1345 4190 1392 4251 Ex
1409 4194 1583 4263 comitem,

465 4292 553 4373 quod
571 4293 751 4358 Dioscuros
769 4316 851 4362 0110
877 4300 1014 4365 somnia
1041 4302 1213 4368 mittentes
1238 4305 1394 4386 appellat.
1421 4306 1584 4368 coniicere

463 4407 542 4470 licet
560 4408 637 4471 illos
657 4410 786 4475 Tiberio
803 4414 927 4477 bellum
941 4419 1069 4496 gerenti
1086 4420 1121 4481 in
1138 4441 1256 4483 somno
1277 4422 1470 4502 apparuisse
1489 4421 1584 4501 eique
