3917 5475
498 668 533 721 42
979 687 1089 732 smmi
1103 688 1148 733 vr.

454 893 481 930 11
586 864 697 927 Messe
716 868 815 926 tenus
838 865 973 945 propria
992 866 1065 927 vive
1086 869 1118 926 et
1138 865 1300 945 granaria,
1322 866 1371 927 fas
1393 868 1450 938 est,

543 982 670 1045 Emole.
694 981 780 1060 Quid
800 986 956 1045 metuas?
975 982 1069 1050 0111,
1093 986 1125 1044 11
1145 1002 1238 1063 seges
1259 982 1363 1044 altera
1381 982 1418 1042 in
1438 979 1540 1043 herba
1562 985 1622 1043 est.

542 1098 585 1159 At
604 1101 700 1159 vocat
719 1096 875 1168 officium,
896 1097 989 1159 trabe
1009 1101 1107 1177 rupta
1125 1097 1255 1159 Bruttia
1276 1117 1352 1159 saxa

543 1210 679 1274 Prendit
699 1212 825 1275 amicus
844 1213 943 1293 inops
963 1232 1099 1291 remque
1119 1231 1254 1273 omnem
1275 1210 1438 1291 surdaque
1457 1214 1535 1273 vota

543 1326 699 1390 Condidit
718 1327 824 1396 Ionio,
844 1329 931 1390 iacet
949 1328 1022 1409 ipse
1041 1328 1078 1389 in
1097 1328 1193 1389 litore
1214 1331 1246 1389 et
1265 1348 1333 1389 una

509 1425 512 1430 ’
542 1442 700 1523 Ingentes
719 1443 760 1505 de
779 1464 890 1525 puppe
910 1443 964 1505 dei
984 1444 1116 1523 iamque
1137 1443 1233 1506 obvie
1252 1443 1373 1523 mergis

543 1558 643 1622 Costa
662 1559 743 1640 ratis
763 1559 897 1622 11111111
918 1578 1008 1620 nuno
1029 1561 1061 1619 et
1080 1557 1119 1619 de
1140 1558 1273 1639 caespite
1292 1558 1366 1620 vivo

541 1674 672 1755 Frange
692 1672 826 1754 aliquid,
848 1675 968 1754 largire
987 1674 1091 1753 inopi,
1113 1694 1155 1735 ne
1174 1674 1283 1754 pictus
1303 1674 1434 1736 oberret

542 1790 690 1854 Caerulea
709 1791 745 1852 in
764 1790 888 1852 tabula.

900 1903 963 1968 Sed
984 1924 1100 1967 cenam
1121 1905 1246 1967 funeris
1266 1906 1363 1967 heres

541 2022 699 2102 Negleget
717 2023 832 2095 iratus,
854 2021 941 2102 quod
960 2042 1032 2083 rem
1048 2022 1246 2099 curtaveris3
1267 2042 1359 2083 urnae

453 2165 479 2201 :5
542 2136 625 2199 Ossa
643 2136 783 2200 inodora
803 2136 902 2203 dabit.
925 2157 984 2199 seu
1005 2138 1131 2219 spirent
1151 2137 1306 2200 cinnama
1326 2136 1464 2199 surdum

542 2251 607 2315 Seu
627 2273 740 2315 ceraso
760 2257 898 2333 peccent
917 2254 1024 2320 casiae.
1046 2254 1174 2315 nescire
1194 2256 1339 2333 paratus.

546 2368 656 2430 «Tune
674 2368 763 2430 bona
782 2369 961 2431 incolumis
981 2370 1154 2432 minuas‘hr
1180 2373 1212 2430 et
1231 2368 1363 2431 Bestius
1382 2370 1479 2449 urget

539 2484 700 2545 Doctores
721 2482 859 2548 Graios:
885 2484 953 2547 «111
971 2484 1009 2546 fit
1020 2511 1027 2562 ;
1047 2488 1225 2566 postquam
1246 2505 1360 2566 sapere
1379 2484 1454 2547 urbi

541 2597 624 2661 Cum
643 2599 757 2680 pipere
778 2603 810 2661 et
829 2600 950 2680 palmis
969 2599 1062 2662 venit
1081 2604 1234 2661 nostrum
1254 2600 1316 2661 hoe
1335 2599 1438 2662 maris
1458 2619 1583 2681 expers.

540 2714 716 2777 Faenisecae
736 2733 846 2776 crasso
866 2715 1027 2777 vitiarunt
1046 2714 1194 2794 unguine
1213 2715 1354 2796 pultes».

538 2831 617 2893 Haec
637 2831 747 2892 cinere
766 2831 904 2892 ulterior
923 2835 1078 2893 metuas?

1089 2947 1131 3008 At
1150 2950 1196 3019 tu,
1217 2967 1312 3010 meus
1332 2948 1437 3019 heres,

539 3063 695 3143 Quisquis
716 3063 789 3131 eris,
809 3063 947 3145 paulum
968 3083 987 3125 1
1006 3063 1103 3125 turba
1123 3063 1289 3125 seductior
1308 3063 1394 3126 audi.

540 3179 679 3247 Obone.
699 3199 782 3240 num
798 3179 957 3259 ignoras?
975 3179 1079 3241 Missa
1096 3184 1149 3262 est
1169 3200 1188 3242 1
1208 3177 1335 3242 Caesare
1355 3181 1469 3244 laurus

537 3296 708 3376 Insignem
729 3295 769 3357 ob
786 3294 914 3358 cladem
934 3295 1108 3358 Germana>
1128 3297 1234 3378 pubis,
1257 3301 1288 3358 et
1308 3298 1373 3360 aris

538 3411 692 3494 Frigidus
713 3414 876 3475 excutitur
894 3414 979 3475 cinis
1000 3433 1036 3475 11
1055 3414 1125 3475 iam
1143 3414 1294 3494 postibus
1315 3435 1415 3485 erma,

537 3530 609 3592 Iam
628 3529 819 3610 chlamydes
839 3550 963 3610 regum,
984 3531 1053 3592 iam
1072 3531 1161 3592 lutea
1182 3551 1328 3611 gausape
1348 3532 1452 3612 captis

537 3646 726 3726 Essedaque
745 3647 964 3727 ingentesque
986 3648 1072 3709 locat
1092 3646 1243 3709 Caesonia
1261 3645 1406 3710 Rhenes.

536 3761 596 3822 Dis
615 3761 717 3842 igitur
736 3763 900 3842 genioque
920 3762 1013 3825 ducis
1034 3767 1168 3825 centum
1187 3763 1281 3844 paria
1301 3762 1341 3824 ob
1362 3783 1414 3825 res

536 3877 676 3956 Egregie
695 3882 805 3958 gestas
824 3877 955 3940 induco.
978 3879 1059 3956 Quis
1077 3882 1194 3942 vetat?
1212 3878 1323 3942 Audet

537 3993 601 4060 Vae,
624 3993 690 4053 nisi
710 3995 852 4057 conives.
875 3994 994 4056 Oleum
1014 3999 1244 4075 artocreasque
1264 3996 1396 4076 popello

537 4109 683 4188 Largior.
704 4110 757 4172 An
775 4110 958 4191 prohibes?
975 4111 1037 4173 Dic
1057 4112 1152 4174 clare.
1179 4111 1271 4173 «Non
1291 4111 1390 4174 adeo»
1414 4113 1526 4193 inquis

541 4224 738 4286 «Exossatus
759 4245 837 4304 ager
855 4227 947 4288 iuxta
968 4231 1049 4289 est».
1070 4228 1147 4307 Age,
1171 4228 1198 4288 si
1217 4227 1302 4289 mihi
1321 4226 1415 4289 1111111

536 4342 607 4402 Iam
626 4341 754 4420 reliqua
774 4362 812 4402 er
832 4343 951 4409 amitis.
973 4345 1134 4424 patruelis
1154 4345 1255 4406 nulla.
1277 4343 1449 4424 proneptis

535 4456 633 4520 Nulla
652 4462 765 4518 menet
784 4457 903 4538 patrui,
924 4460 1046 4521 sterilis
1066 4464 1244 4523 matertera
1262 4462 1351 4534 vixit,
