3917 5475
846 694 955 738 aarum
971 697 993 739 J.

360 868 413 932 En
432 870 541 951 pallor
560 871 775 951 seniumque!
798 870 823 933 0
844 890 963 939 mores.
986 892 1090 952 usque
1111 871 1237 943 adeone

362 982 452 1048 Scire
471 989 567 1047 tuum
586 985 673 1047 nibil
693 988 751 1056 est,
772 986 840 1047 nisi
859 989 891 1047 te
912 987 996 1049 scire
1017 988 1079 1049 hoc
1100 989 1181 1050 sciat
1202 989 1307 1052 alter?
1325 1025 1368 1032 —

365 1101 425 1163 «At
443 1101 620 1181 pulchrum
638 1104 687 1162 est
707 1099 810 1190 digito
832 1103 1014 1165 monstrari
1034 1106 1066 1164 et
1086 1101 1207 1167 dicier:
1231 1102 1312 1165 «Hic
1333 1107 1424 1179 est»;

359 1215 429 1278 Ten
449 1216 645 1278 cirratorum
665 1219 800 1277 centurn
822 1216 945 1279 dictata
965 1218 1068 1279 luisse

359 1332 423 1394 Pro
443 1332 549 1393 nihilo
569 1329 736 1413 pendes'll
759 1369 798 1375 —

751 1494 758 1506 .
821 1448 904 1509 Ecce
921 1449 1010 1509 inter
1028 1450 1148 1529 pocula
1168 1453 1319 1530 quaerunt

357 1561 544 1625 Romulidae
564 1563 677 1629 saturi.
699 1562 778 1643 quid
798 1562 852 1625 dia
871 1568 1027 1644 poemata
1046 1567 1193 1627 narrent.

357 1676 424 1739 Hic
443 1678 571 1758 aliquis.
593 1678 647 1740 cui
666 1678 791 1740 circum
810 1700 944 1741 umeros
963 1680 1182 1760 hyacinthina
1201 1681 1287 1743 laena
1307 1684 1364 1746 est.

359 1792 584 1855 Rancidulum
603 1794 761 1875 quiddam
780 1794 877 1858 balba
896 1795 937 1857 de
957 1815 1038 1857 nare
1058 1796 1197 1866 locutus.

357 1898 537 1989 Phyllidas.
559 1908 771 1990 Hypsipylae.
793 1915 908 1972 vatum
929 1914 961 1971 et
980 1910 1142 1991 plorabile
1163 1910 1298 1992 siquid,

356 2024 492 2105 Eliquat
512 2044 549 2087 ac
568 2028 683 2086 tenero
705 2025 897 2106 subplantat
915 2026 1015 2089 verba
1034 2028 1156 2108 palate.

358 2138 545 2203 Adsensere
564 2139 646 2202 viri:
666 2160 756 2201 nunc
775 2161 844 2201 non
864 2142 948 2203 cinis
968 2143 1025 2204 ille
1044 2146 1151 2223 poetae

356 2256 476 2319 Felix?
493 2255 569 2317 Non
586 2255 692 2318 levior
710 2257 828 2338 cippus
847 2277 937 2319 nunc
956 2259 1120 2340 imprimit
1139 2265 1239 2323 ossa?

357 2370 512 2435 Laudant
536 2372 701 2434 conviva:
721 2392 811 2433 nunc
830 2392 899 2434 non
920 2395 937 2436 e
957 2374 1112 2437 manibus
1132 2374 1208 2443 illis.

357 2487 454 2551 Nunc
472 2506 542 2548 non
562 2507 579 2548 e
598 2488 728 2549 tumulo
753 2489 988 2570 fortunataque
1007 2490 1121 2553 favilla

356 2602 544 2666 Nascantur
561 2602 682 2665 viola?
767 2602 903 2665 «Rides»
928 2605 974 2666 ait
999 2609 1049 2667 «et
1068 2606 1170 2668 nimis
1189 2607 1285 2670 uncis

356 2717 499 2783 Naribus
518 2715 681 2799 indulges.
702 2719 754 2781 An
775 2721 845 2788 erit.
867 2721 924 2801 qui
941 2722 1027 2784 velle
1047 2724 1176 2784 recuset

356 2836 403 2900 Os
422 2837 539 2918 populi
558 2837 719 2899 meruisse
745 2840 777 2898 et
796 2835 892 2898 cedro
913 2837 1016 2918 digna
1034 2839 1165 2902 locutus

355 2946 524 3033 Linquere
543 2973 604 3014 nec
625 2952 793 3015 scombros
812 2954 1000 3016 metuentia
1019 2955 1175 3026 carmina,
1197 2975 1258 3017 nec
1277 2959 1372 3020 tuat»
1395 2993 1438 3000 -

402 3067 559 3149 Quisquis
580 3089 623 3143 es.
646 3089 664 3130 o
689 3067 788 3129 modo
809 3089 908 3149 quem
930 3089 968 3129 ex
988 3069 1125 3131 adverso
1145 3069 1254 3132 dicere
1274 3072 1345 3146 feci,

356 3183 432 3246 Non
452 3203 521 3265 ego.
543 3204 619 3247 cum
639 3184 755 3258 scribo,
774 3186 803 3246 si
823 3187 908 3247 forte
928 3184 1007 3265 quid
1027 3187 1137 3266 aptius
1158 3188 1231 3255 exit.

353 3299 495 3379 Quando
516 3300 584 3362 haec
604 3320 679 3361 rara
703 3301 772 3362 avis
793 3306 851 3368 cst,
874 3301 901 3362 si
921 3299 1000 3381 quid
1020 3305 1133 3363 tamen
1153 3302 1263 3382 aptius
1284 3303 1358 3373 exit,

356 3415 501 3480 laudari
520 3419 677 3482 metuam.
699 3436 807 3496 neque
827 3417 917 3477 enim
936 3417 1020 3478 mihi
1041 3436 1162 3478 cornea
1180 3417 1262 3479 fibra
1282 3421 1340 3486 est,

356 3529 423 3594 Sed
442 3532 521 3592 recti
542 3531 710 3611 finemque
730 3534 979 3611 extremumque
1000 3552 1072 3593 esse
1091 3551 1206 3594 recuso

360 3647 487 3727 «Euge»
511 3650 608 3708 tuum
628 3652 660 3708 et
684 3647 819 3710 «belle».
841 3647 927 3709 Nam
950 3648 1072 3710 «belle»
1097 3649 1160 3710 hoc
1180 3650 1294 3710 excute
1313 3651 1441 3712 totum:

353 3762 443 3841 Quid
461 3783 532 3825 non
550 3764 642 3825 intus
662 3763 786 3826 habet?
802 3763 876 3825 Non
897 3764 950 3825 hic
971 3768 1021 3826 cst
1041 3763 1119 3825 llias
1138 3764 1207 3825 Atti

351 3879 454 3943 Ebria
469 3883 624 3942 veratro?
642 3879 725 3952 Non,
748 3880 775 3941 si
796 3899 861 3959 qua
881 3878 1022 3959 elegidia
1041 3878 1133 3940 crudi

351 3995 531 4058 Dictarunt
548 4001 727 4077 proceres?
745 3995 828 4062 Non.
848 3995 1008 4076 quidquid
1027 3993 1170 4075 denique
1189 3995 1284 4058 lectis

353 4108 518 4174 Scribitur
536 4111 572 4173 in
592 4112 728 4176 citreis?
743 4111 898 4175 Calidum
918 4115 981 4176 scis
1001 4132 1126 4194 ponere
1146 4132 1273 4187 sumen,

354 4224 428 4289 Scis
447 4227 603 4288 comitem
623 4227 832 4290 horridulum
851 4229 930 4290 trita
950 4227 1075 4291 donare
1094 4229 1235 4302 lacerna,

352 4343 413 4405 Et:
437 4341 595 4405 «Verumc
619 4344 731 4424 inquis
755 4364 859 4411 «amo.
880 4364 997 4406 verum
1017 4344 1101 4406 mihi
1120 4342 1219 4406 dicite
1238 4341 1279 4405 de
1298 4302 1398 4405 me».¹

355 4458 422 4537 Qui
441 4461 543 4540 pote‘)
560 4458 619 4522 Vis
639 4459 771 4523 dicam?
790 4460 940 4540 Nugaris.
963 4480 1039 4522 cum
1058 4461 1128 4534 tibi,
1149 4460 1249 4526 calve.
