3917 5475
795 722 906 766 sauma
920 722 963 765 iv.
984 719 1106 764 ιιι-13.
1455 700 1513 750 '2113

390 900 431 963 de
451 919 516 980 qua
535 918 569 960 re
590 898 691 960 eiiam
711 898 747 959 in
766 896 898 977 dialogo
928 896 1109 969 Platonico,
1131 916 1230 976 quem
1250 895 1383 957 Persius
1403 895 1512 957 imita-

390 1018 445 1077 lus
466 1016 524 1087 esi,
546 1013 673 1092 agilum
704 1013 743 1074 cf.
770 1011 873 1073 Alcib.
893 1011 918 1074 Ι.
939 1032 971 1092 p.
997 1011 1067 1073 113.
1088 1007 1268 1074 B20buoov
1300 1007 1514 1094 &lippia-bu

390 1133 459 1212 περὶ
479 1128 605 1192 δικαίων
625 1129 678 1189 καὶ
691 1123 805 1188 ἀδίκων
821 1124 1015 1210 Ἀλκιβιάδης
1033 1121 1050 1187 ὁ
1066 1126 1163 1197 καλὸς
1181 1122 1355 1188 ὁΚλεινίοι)
1374 1118 1431 1186 οὐκ
1450 1120 1513 1186 ἐπί-

391 1266 504 1318 σταιτο,
523 1240 617 1307 οἴοιτο
637 1241 680 1315 δέ,
698 1245 753 1304 καὶ
769 1242 877 1326 μέλλοι
897 1237 940 1312 εἰς
962 1239 1130 1325 ἐκκλησίαν
1155 1239 1256 1303 ἐλθὼν
1274 1239 1513 1323 συμβουλεύσειν

385 1357 561 1445 Ἀθηναίοις
581 1360 651 1440 περὶ
671 1351 711 1419 ὧν
732 1353 819 1420 οὐδὲν
840 1351 919 1419 οἶδεν
930 1379 938 1431 ;
959 1392 1004 1398 -
1021 1358 1115 1438 putu,
1137 1355 1257 1417 ultima
1286 1354 1414 1434 syllaba
1444 1375 1513 1417 cor-

390 1477 486 1554 repta
504 1472 593 1535 idem
618 1470 791 1551 significat,
822 1469 929 1551 quod:
958 1470 1101 1550 exempli
1130 1470 1255 1550 graiia3
1286 1469 1348 1532 hoc
1375 1470 1514 1533 verbum

391 1593 504 1652 aulem
524 1586 675 1651 Socrates
693 1607 764 1649 non
792 1585 956 1649 Alcibiadi
985 1587 1198 1648 concionanti
1218 1585 1343 1653 tribuit.
1365 1585 1423 1647 sed
1441 1585 1514 1666 ipse

390 1705 559 1774 interficit,
578 1725 615 1766 ac
635 1704 663 1766 si
680 1703 787 1767 dicat:
808 1703 893 1782 Quid
910 1702 1030 1765 deinde
1046 1703 1218 1784 loqueris?
1235 1701 1388 1782 Exempli
1408 1701 1514 1781 gratia

391 1822 479 1883 haec:
509 1819 681 1898 «Quirites,
712 1820 775 1881 hoc
803 1819 930 1880 iustum
960 1821 1028 1879 est»
1053 1821 1112 1879 eio.
1143 1815 1190 1880 Cf.
1220 1817 1300 1880 Hor.
1332 1815 1398 1879 Sat.
1419 1816 1461 1878 Π.
1482 1817 1512 1881 5.

393 1936 541 1998 302—33:

456 2047 602 2120 «Quinte»
626 2051 711 2124 puta,
733 2050 785 2105 aui
810 2045 930 2106 «Publi»
956 2046 1104 2123 (gaudeni
1124 2047 1316 2121 praenomine
1338 2044 1446 2103 molles

452 2162 615 2239 Auriculae)
642 2163 715 2221 «libi
736 2181 784 2220 me
806 2163 904 2220 virius
926 2164 980 2220 tua
1001 2162 1074 2221 fecii
1096 2161 1258 2220 amioum».

391 2434 435 2441 —
453 2395 542 2462 iilud
559 2395 663 2475 mole,
681 2394 807 2459 rectius
832 2391 942 2472 ulam
965 2396 1005 2457 cf.
1026 2394 1107 2458 Hor.
1129 2393 1196 2458 Sat.
1218 2394 1243 2457 L
1264 2395 1294 2467 4,
1320 2395 1404 2457 134:
1428 2414 1514 2455 «rec-

392 2514 459 2575 tius
479 2513 542 2574 hoc
561 2515 630 2574 est:
650 2511 723 2573 Hoc
742 2511 870 2573 faciens
888 2511 1000 2574 vivam
1020 2512 1173 2574 melius».

445 2628 482 2690 V.
507 2628 645 2691 10—13.
664 2624 737 2692 Scis
754 2624 888 2701 clauim,
905 2627 1042 2689 ironice.
1063 2663 1107 2669 —
1126 2626 1256 2690 iustum
1273 2625 1413 2711 pomino
1433 2644 1514 2689 sus-

387 2743 535 2829 pendere
556 2744 651 2808 lorica
670 2742 841 2827 Ancipiiis
871 2742 978 2825 libra,
999 2764 1099 2806 sensu
1119 2744 1274 2825 proprio:
1303 2743 1404 2805 eiiam
1433 2745 1514 2808 ium.

394 2880 469 2922 cum
493 2858 641 2940 pondera
661 2860 697 2921 in
717 2862 856 2940 uimque
879 2858 972 2922 librae
1000 2860 1096 2922 lance
1124 2880 1219 2939 paene
1249 2877 1343 2939 aequa
1372 2860 1459 2932 suni,
1480 2862 1518 2919 ub

394 2974 629 3039 difficillimum
655 2975 698 3036 sii
721 2973 912 3048 diiudicare,
939 2994 1099 3055 quorsum
1123 2974 1228 3054 ligula
1250 2976 1374 3053 vergat.
1395 2976 1433 3034 iu
1451 2972 1517 3034 dis-

394 3110 527 3152 cernere
547 3092 651 3171 poles,
670 3089 727 3152 ubi
747 3090 790 3151 sil
809 3089 940 3169 pondus
952 3090 1063 3152 maius
1070 3113 1077 3165 3
1100 3109 1200 3152 sensu
1213 3090 1395 3151 translato:
1416 3089 1518 3150 eiiam

394 3208 476 3281 ium,
498 3224 574 3267 cum
593 3204 727 3267 difficile
749 3208 798 3266 esi
818 3204 936 3278 dicere,
957 3208 1033 3267 ulra
1051 3208 1146 3285 parte
1166 3204 1218 3266 ius
1238 3204 1291 3271 sil,
1312 3208 1349 3264 iu
1369 3204 1442 3276 scis,
1461 3202 1517 3264 ubi

394 3323 447 3383 ius
472 3322 523 3393 sil,
544 3320 602 3382 ubi
620 3320 754 3383 iniuria.
780 3318 827 3382 Of.
858 3320 938 3383 Hor.
969 3318 1036 3383 sac.
1067 3320 1108 3382 ΙΙ.
1138 3321 1168 3392 5,
1198 3319 1258 3382 34:
1292 3319 1366 3380 «Ius
1395 3337 1518 3398 anceps

395 3437 502 3499 novi.»
525 3472 569 3478 —-
587 3435 726 3519 peucine
747 3434 842 3499 lance
860 3455 939 3516 pro:
963 3436 1107 3515 geminis
1126 3435 1288 3508 lancibus,
1309 3438 1347 3495 ui
1367 3432 1458 3496 Ovid.
1479 3434 1516 3496 A.

395 3553 431 3615 A.
453 3551 494 3613 Π.
516 3552 600 3614 orl:
625 3549 778 3614 «Mobilis
806 3553 843 3613 in
871 3551 1005 3631 gemino
1035 3552 1088 3612 cui
1117 3550 1202 3631 pede
1231 3532 1336 3631 pinna
1362 3549 1454 3613 fini».
1475 3587 1518 3592 w

394 3664 597 3751 suspendere
628 3665 725 3731 lance
743 3718 750 3731 .
768 3717 800 3730 ..
837 3665 942 3739 librae,
976 3669 1013 3727 ut
1044 3666 1080 3729 V.
1113 3658 1265 3731 47—38:
1301 3664 1439 3728 «Nostra
1465 3666 1519 3727 vel

396 3784 515 3865 aequali
535 3782 711 3864 suspendii
730 3786 882 3863 tempora
902 3781 1002 3844 Libra
1021 3782 1124 3843 Parca
1142 3784 1242 3842 tenax
1259 3780 1358 3842 veri.»
1378 3815 1423 3821 —
1440 3776 1517 3841 Aa·

396 3897 509 3983 cipitia
530 3897 636 3972 iibcua
656 3897 742 3959 libra
762 3917 885 3978 anceps
899 3899 957 3969 esi,
973 3916 1048 3959 cum
1061 3895 1210 3976 pondera
1223 3896 1258 3956 in
1271 3899 1410 3975 utraque
1422 3894 1518 3957 lance

395 4035 489 4097 paene
509 4033 602 4095 aequa
622 4016 710 4075 sunt.
731 4050 775 4055 —
793 4014 922 4076 reciaco
943 4009 1119 4085 discernis
1136 4009 1198 4074 abi
1213 4010 1302 4075 inici·
1323 4007 1438 4074 Curua
1455 4030 1517 4074 su-

397 4129 453 4204 bii,
473 4128 526 4194 vei
542 4147 620 4191 cum
635 4130 692 4193 cic.
715 4130 869 4208 agnoscis
888 4132 1017 4191 recium
1045 4129 1147 4197 eiiam
1175 4131 1256 4200 ium,
1278 4147 1355 4189 cum
1384 4126 1519 4190 difficile

397 4248 447 4309 esi
484 4248 610 4309 recium
641 4265 660 4306 a
690 4265 759 4307 non
788 4247 876 4306 rocio
905 4244 1095 4306 discernere
1107 4266 1115 4318 ;
1154 4245 1284 4306 reolum
1312 4246 1345 4304 el
1376 4260 1517 4307 curcum

398 4381 498 4424 sensu
526 4361 644 4434 ethico,
675 4364 712 4423 ui
739 4360 819 4423 Hor.
849 4360 909 4440 Ep.
940 4359 981 4422 ΙΙ.
1009 4360 1039 4433 2,
1069 4360 1131 4422 44:
1156 4356 1307 4422 «Scilicet
1333 4362 1371 4421 ut
1397 4359 1519 4421 vellem

398 4496 495 4540 curvo
516 4476 709 4557 dignoscere
729 4478 875 4537 reolum»
900 4478 933 4536 ei
952 4474 1042 4555 apud
1060 4474 1212 4537 Persium
1236 4473 1295 4538 III.
1316 4476 1378 4538 52:
1402 4474 1520 4539 «Haud
