3917 5475
781 688 954 733 ssr1aa111.
973 686 1097 733 ree—47.
1449 669 1500 721 175

380 865 491 944 Quint.
513 865 593 928 lust.
626 863 678 931 Or.
709 864 779 934 111„
797 866 825 940 8,
856 866 908 930 53.
930 869 963 932 et
982 866 1056 931 Jur.
1076 866 1101 930 I.
1125 867 1175 931 16.
1196 865 1237 940 de
1256 866 1500 930 declamatione

381 979 480 1046 Sullae
500 980 699 1047 dictaturam
719 980 901 1063 deponenti
922 985 954 1045 et
969 982 1043 1047 Jur.
1063 982 1135 1046 VII.
1163 983 1346 1047 rer—164.
1366 983 1408 1045 de
1428 1004 1500 1046 ora-

380 1097 473 1160 tione
492 1096 678 1160 Hannibali
697 1097 814 1160 urbem
833 1099 978 1178 petituro
999 1097 1185 1162 tribuenda.
1206 1135 1250 1142 »-
1276 1094 1434 1162 Gratidio
1447 1148 1454 1160 .
1469 1147 1499 1160 ..

299 1302 302 1308 Ι
382 1211 494 1288 verba,
515 1211 730 1292 magnificum
760 1215 793 1275 et
819 1213 986 1276 tumidum
1015 1213 1148 1280 dicendi
1178 1235 1293 1295 genus,
1323 1235 1388 1296 quo
1416 1213 1502 1277 tales

382 1323 644 1392 declamationes
673 1328 838 1391 conscribi
867 1330 1028 1394 solebant.
1057 1367 1103 1374 —
1129 1327 1278 1410 Discere,
1306 1330 1384 1411 quia
1407 1330 1502 1411 pueri

384 1443 571 1506 orationem
590 1463 609 1504 a
629 1463 664 1508 se
684 1445 843 1526 scriptam
863 1445 1009 1509 ediscere
1022 1450 1056 1508 et
1071 1450 1160 1509 certa
1179 1445 1233 1508 die
1250 1445 1402 1527 patribus
1420 1445 1503 1527 praa-

384 1559 534 1636 sentibus
554 1559 741 1624 declamare
762 1561 923 1634 solebant,
954 1560 1043 1643 quod
1060 1580 1131 1624 non
1149 1561 1269 1643 probat
1287 1561 1400 1639 Quint.
1421 1559 1502 1624 lnst.

382 1674 441 1760 ¹On
462 1675 551 1751 11.7‚
576 1677 615 1741 1:
640 1676 706 1742 «Nc
733 1676 914 1758 (discipuli)
933 1677 1046 1740 omnia
1073 1681 1172 1749 certa,
1192 1681 1230 1740 ut
1248 1677 1351 1740 moris
1372 1680 1430 1751 cet,
1452 1675 1506 1739 die

385 1792 515 1868 dicant:
536 1792 625 1886 quod
644 1792 778 1875 quidem
797 1794 940 1856 maxime
956 1796 1069 1874 patres
1085 1794 1229 1874 exigunt
1237 1816 1249 1852 l
1272 1829 1316 1836 —-
1330 1808 1505 1858 nessaeo

385 1907 735 1988 metaumaucensis
755 1908 935 1994 capistro,
964 1929 1037 1990 quae
1055 1909 1215 1990 magister
1230 1908 1373 1972 insanus
1391 1905 1507 1970 lauda-

388 2026 446 2094 ret,
468 2024 572 2088 Poeta
589 2025 748 2088 insanum
769 2024 849 2087 dicit
871 2027 1081 2106 magistrum,
1103 2025 1160 2105 qui
1186 2023 1254 2089 tale
1273 2025 1508 2104 argumentum

387 2138 445 2203 dat
462 2159 567 2221 puero
587 2141 799 2205 tractandum
820 2142 1073 2223 orationemque
1092 2139 1249 2221 discipuli
1266 2140 1421 2220 ineptam
1436 2139 1508 2201 lau-

387 2255 454 2318 dat.
487 2247 683 2321 Scholarum
709 2259 949 2322 rhetoricarum
977 2258 1124 2338 ineptias
1140 2255 1290 2337 ,castigat
1314 2255 1415 2318 etiam
1434 2253 1507 2316 Tac.

386 2371 472 2436 Dial.
495 2374 556 2437 35:
578 2375 638 2437 «At
657 2395 746 2438 nunc
775 2373 1020 2437 adulescentuli
1046 2372 1153 2435 nostri
1175 2369 1342 2435 ducuntur
1359 2371 1396 2433 in
1415 2371 1510 2433 scho-

388 2489 439 2554 las
457 2489 609 2564 istorum,
631 2491 688 2573 qui
707 2491 857 2554 rhetores
875 2492 1039 2552 vocantur
1054 2537 1061 2552 .
1079 2537 1087 2551 .
1105 2537 1113 2552 .
1134 2486 1306 2569 inquibus
1325 2506 1395 2549 non
1412 2484 1511 2565 facile
1531 2511 1536 2518 ’

389 2604 537 2696 dixerim,
569 2610 726 2670 utrumne
760 2605 853 2669 locus
887 2606 960 2686 ipse
996 2626 1039 2668 an
1073 2602 1294 2684 condiscipuli
1328 2622 1371 2665 an
1405 2619 1511 2682 genus

390 2722 577 2789 studiorum
595 2725 672 2807 plus
691 2722 772 2787 mali
791 2722 936 2804 ingeniis
956 2720 1139 2785 adferant».
1160 2757 1205 2764 —
1227 2714 1310 2796 Qaae
1324 2719 1425 2802 pater
1444 2713 1510 2781 ad·
1545 2722 1547 2726 ”

390 2841 498 2908 ductis
516 2840 647 2907 mdccc
668 2839 803 2906 audiret
819 2839 949 2919 amicis,
967 2858 1061 2901 more
1080 2839 1251 2918 receptum
1270 2835 1342 2908 fuit,
1360 2831 1512 2915 utpueri

391 2962 482 3022 certa
500 2958 554 3022 die
573 2957 817 3032 declamarent;
850 2961 961 3038 patres
982 2958 1094 3018 autem
1114 2952 1155 3016 ad
1175 2953 1235 3015 has
1252 2950 1513 3014 declamationes

393 3074 576 3138 audiendas
595 3076 632 3137 in
661 3074 811 3138 scholam
838 3076 1004 3135 venerunt
1030 3091 1106 3133 cum
1135 3068 1251 3132 amicis
1269 3067 1513 3147 volueruntque

391 3192 480 3257 filios
500 3211 600 3273 quam
621 3190 804 3271 saepissimc
825 3187 949 3251 audire.
980 3187 1027 3251 Cf.
1050 3185 1161 3265 Quint.
1182 3184 1264 3247 Inst.
1286 3183 1338 3248 Or.
1360 3182 1400 3245 ΙΙ.
1422 3183 1452 3255 7,
1476 3180 1513 3245 1:

397 3308 553 3386 «(Patrcs)
576 3306 623 3369 ita
643 3305 778 3367 demum
799 3303 931 3368 studere
946 3304 1070 3365 liberos
1087 3320 1175 3376 suos,
1197 3301 1341 3381 siquam
1360 3301 1514 3378 frequen-

393 3425 523 3489 tissime
542 3421 811 3495 declamaverint
841 3419 999 3483 credunt»
1024 3421 1056 3480 et
1075 3417 1114 3481 Χ.
1135 3420 1164 3491 7,
1186 3416 1248 3480 21:
1272 3413 1407 3479 «Obstat
1425 3412 1513 3483 huic,

395 3539 485 3625 quod
503 3538 648 3604 secundo
673 3539 746 3601 loco
775 3537 882 3618 posui,
911 3536 980 3597 fere
1000 3534 1097 3597 turba
1125 3530 1365 3615 discipulorum
1386 3533 1418 3591 et
1437 3547 1516 3591 con·

347 3700 351 3706 ·
395 3657 536 3724 suetudo
551 3656 709 3719 classium
722 3653 819 3715 certis
839 3651 955 3715 diebus
968 3649 1219 3722 audiendarum,
1240 3645 1398 3711 nonnihil
1415 3644 1517 3707 etiam

395 3774 568 3859 persuasio
588 3776 721 3855 patrum
740 3768 993 3831 numerantium
1004 3768 1116 3850 potius
1132 3763 1401 3835 declamationes,
1417 3780 1517 3841 quam

396 3888 664 3955 aestimantium.»
680 3923 725 3930 -
737 3882 876 3959 sudant,
891 3887 987 3965 pater
1001 3883 1108 3946 filium
1121 3881 1364 3949 declamantem
1378 3876 1518 3944 audiens

397 4006 519 4090 gaudio
538 4009 696 4086 metuque
715 4002 841 4084 pariter
860 4001 1021 4063 excitatus
1046 3998 1151 4062 sudat.
1173 3996 1220 4061 Cf.
1240 3994 1340 4060 verba
1360 3990 1458 4060 Statii
1477 3990 1518 4058 de

396 4128 491 4207 patre
511 4142 572 4187 suo
593 4118 671 4185 silv.
692 4119 729 4183 V.
752 4120 780 4187 3,
803 4119 886 4181 215:

520 4342 625 4415 Qualis
647 4360 724 4412 eras,
745 4340 852 4399 Latios
876 4338 1018 4415 quotiens
1040 4353 1095 4409 ego
1118 4333 1254 4410 carmine
1267 4334 1379 4406 patres

519 4458 687 4536 Mulcerent
708 4456 840 4535 felixque
861 4454 909 4531 tui
930 4453 1085 4528 spectator
1106 4447 1228 4525 adesses
1326 4513 1339 4523 'A
