3917 5475
479 639 515 693 38
960 660 1070 703 1111111
1089 659 1118 706 V.

479 835 613 899 Haereat
631 836 669 898 in
687 836 799 898 stultis
817 835 927 897 brevis
946 839 983 897 ut
1003 828 1176 899 semuncia
1194 838 1285 899 reoti.

479 951 560 1014 Haeo
579 951 717 1015 miseere
737 952 840 1018 nefas.
862 970 923 1012 nee
944 971 1020 1013 oum
1041 953 1085 1014 sis
1106 956 1216 1015 uetera
1234 952 1351 1018 fossor.

479 1067 552 1132 Tris
569 1070 702 1131 tantum
718 1065 760 1130 ad
778 1087 937 1130 numeros
957 1071 1107 1149 satyrum
1127 1088 1280 1132 moveare
1299 1068 1456 1149 Bathylli.

528 1182 646 1245 «Liber
664 1202 756 1263 ego».
777 1180 873 1246 Unde
904 1181 1019 1246 datum
1039 1185 1103 1246 hoe
1122 1184 1236 1254 sumis,
1258 1188 1308 1247 tot
1327 1184 1457 1248 subdite
1478 1185 1605 1250 rebus?

426 1297 532 1363 nsAn
550 1294 725 1360 dominum
743 1298 887 1377 ignoras,
910 1297 976 1359 nisi
997 1318 1097 1378 quem
1115 1296 1262 1361 vindicta
1281 1299 1430 1363 relaxat?

484 1412 518 1475 «I
534 1432 619 1495 puer
638 1416 670 1475 et
689 1412 833 1493 strigiles
853 1411 997 1494 Crispini
1019 1412 1060 1475 ad
1077 1413 1199 1477 balnea
1218 1414 1326 1475 defer»

480 1524 516 1590 Si
533 1527 708 1609 increpuit,
730 1547 839 1590 cessas
860 1534 1013 1608 nugator,
1036 1529 1210 1591 servitium
1230 1550 1304 1593 aere

479 1643 524 1705 Te
542 1643 629 1705 nihil
646 1643 800 1725 impellit,
823 1663 884 1705 neo
905 1646 1083 1726 quiequam
1103 1647 1307 1709 extrinsecus
1327 1649 1439 1721 intrat,

480 1758 575 1838 Quod
593 1779 713 1822 nervos
732 1761 852 1841 agitet;
874 1760 932 1823 sed
952 1762 979 1823 si
999 1763 1091 1837 intus
1112 1765 1143 1823 et
1162 1763 1200 1824 in
1223 1764 1331 1825 ieoore
1355 1784 1442 1844 aegro

426 1903 470 1943 111
479 1874 667 1939 Nascuntur
686 1874 822 1942 domini.
845 1878 902 1957 qui
920 1881 957 1938 tu
976 1878 1174 1960 impunitior
1196 1880 1262 1941 exis
1360 1935 1362 1939 .

478 1991 585 2071 Atque
605 1991 668 2065 hio,
689 2012 788 2073 quem
807 1991 849 2054 ad
867 1993 1013 2073 strigiles
1033 1995 1157 2057 soutioa
1178 2002 1209 2056 et
1229 1999 1338 2057 metus
1355 1996 1422 2075 egit
1439 1996 1555 2061 erilis?

478 2106 579 2171 Mane
597 2108 692 2189 piger
710 2109 830 2171 stertis.
856 2107 996 2190 «Surge»
1020 2111 1129 2190 inquit
1147 2111 1296 2173 Avaritia
1320 2111 1414 2174 «heia

479 2221 614 2303 Surge».
623 2222 740 2303 Negas.
749 2222 871 2287 Instat:
887 2223 1027 2305 «Surge»
1039 2226 1157 2306 inquit.
1170 2263 1196 2270 -
1205 2250 1217 2283 1
1223 2226 1298 2289 Non
1308 2246 1402 2308 queo.
1410 2250 1453 2283 »-
1464 2252 1475 2284 1
1483 2226 1598 2311 Surge.
1605 2253 1618 2287 1
1627 2267 1655 2275 -

484 2338 542 2401 «Et
562 2336 640 2420 quid
660 2343 798 2419 agema
818 2373 862 2379 —
882 2340 1061 2420 «Rogitasi
1077 2341 1128 2402 En
1146 2340 1321 2432 saperdam
1339 2342 1464 2405 advehe
1478 2344 1596 2419 Ponto.

426 2452 683 2526 rsecastoreum,
705 2459 852 2537 stuppas.
875 2455 1053 2529 hebenum,
1075 2460 1137 2523 tus.
1160 2458 1286 2519 lubrioa
1306 2456 1389 2535 Coa3

479 2569 570 2632 Tolle
590 2588 705 2632 reeens
724 2571 852 2651 primus
871 2572 968 2652 piper
988 2592 1027 2632 ex
1047 2572 1181 2634 sitiente
1201 2575 1339 2636 camelo,

478 2686 577 2751 Verte
597 2687 740 2770 aliquid;
760 2689 862 2752 iura.»
953 2687 1036 2752 «Sed
1054 2688 1206 2772 luppiter
1225 2689 1366 2754 audiet.»
1390 2728 1430 2732 --
1458 2692 1571 2754 «Eheu

478 2803 573 2877 Bam,
596 2807 802 2884 regustatum
821 2803 924 2885 digito
945 2805 1111 2868 terebrare
1132 2806 1278 2867 salinum

480 2919 664 2982 Contentus
680 2940 828 3002 perages,
850 2921 875 2982 si
897 2921 1006 2983 vivere
1027 2941 1103 2982 oum
1121 2920 1199 2982 love
1218 2921 1357 2985 tendis.»

428 3061 469 3101 140
478 3035 551 3098 Iam
565 3036 678 3118 pueris
697 3035 821 3117 pellem
840 3037 1027 3097 sueeinetus
1049 3040 1080 3097 11
1101 3038 1322 3117 oenophorum
1342 3041 1455 3119 aptas:

484 3151 601 3216 «Oeius
621 3150 662 3214 ad
681 3154 838 3215 naveml»
863 3152 953 3214 Nihil
973 3153 1091 3228 obstat,
1114 3154 1195 3233 quin
1214 3154 1305 3216 trabe
1326 3157 1418 3217 vasta

479 3269 635 3350 Aegaeum
654 3269 773 3351 rapias,
796 3270 831 3330 ni
852 3270 967 3331 sollers
988 3269 1133 3330 Luxuria
1154 3274 1230 3331 ante

480 3383 660 3448 Seductum
679 3389 833 3448 moneat:
858 3385 948 3463 «Quo
969 3384 1099 3452 deinde.
1122 3385 1251 3451 insane.
1273 3387 1351 3460 ruis,
1375 3393 1463 3467 quo‘)

481 3500 567 3579 Quid
585 3501 646 3563 tibi
665 3501 740 3564 vis?
759 3499 872 3563 Calido
894 3501 954 3562 sub
974 3504 1108 3582 peetore
1129 3502 1277 3564 mascula
1296 3503 1372 3564 bilis

427 3642 468 3680 145
478 3617 652 3687 Intumuit,
674 3637 774 3697 quam
793 3636 863 3678 non
883 3604 1075 3678 exstinxerit
1091 3636 1176 3678 urna
1195 3617 1334 3682 eieutae‘)

479 3733 527 3795 Tu
547 3754 636 3796 mare
656 3734 868 3797 transsilias‘)
887 3733 959 3796 Tibi
978 3738 1067 3797 torta
1087 3737 1236 3798 eannabe
1256 3738 1341 3798 fulto

479 3848 569 3911 Cena
589 3850 631 3912 sit
649 3850 686 3911 in
705 3852 859 3923 transtro,
880 3850 1169 3931 Veientanumque
1190 3852 1355 3914 rubellum

478 3963 618 4026 Exhalet
636 3964 755 4045 vapida
774 3966 892 4028 laesum
910 3967 983 4047 pioe
1004 3967 1129 4029 sessilis
1150 3967 1258 4030 obba?

480 4078 566 4157 Quid
583 4082 694 4161 petis?
713 4082 756 4145 Ut
775 4083 914 4149 nummi.
936 4103 1019 4163 quos
1040 4084 1093 4145 hio
1113 4084 1297 4164 quinounoe
1318 4085 1467 4146 modesto

426 4195 658 4269 rsoNutrieras,
679 4201 820 4278 pergant
839 4197 952 4260 avidos
974 4197 1092 4261 sudare
1113 4199 1283 4262 (1111111111)

477 4310 617 4393 indulge
636 4314 743 4393 genio,
766 4335 939 4395 carpamus
958 4314 1077 4388 dulcia,
1098 4319 1252 4378 nostrum
1272 4321 1329 4384 est,

479 4426 574 4504 Quod
592 4429 684 4494 vivis.
706 4430 790 4490 einis
811 4435 842 4490 et
862 4450 977 4492 manes
999 4436 1030 4492 et
1052 4430 1249 4504 fabulatos,
