3917 5475
458 694 509 746 150
767 716 876 761 saman
892 719 928 764 11.
946 718 1068 764 61—63.
1085 721 1125 762 ΕΤ
1141 718 1264 765 etc—67.

456 892 636 968 deducere3
659 893 856 969 existimare,
879 915 917 957 ea
937 915 1010 958 esso
1029 895 1092 958 diis
1112 896 1208 966 bona,
1228 919 1298 978 quae
1319 898 1396 960 huie
1417 900 1581 964 scelerato

455 1008 587 1088 corpori
613 1008 702 1070 bona
730 1012 817 1073 sunt.
848 1007 979 1078 Ducere
1007 1031 1068 1091 pro
1088 1010 1260 1091 deducere,
1279 1017 1317 1076 ut
1345 1011 1409 1077 Cio.
1431 1014 1480 1077 De
1509 1020 1577 1080 nat.

456 1123 545 1185 deor.
575 1122 615 1185 ΙΙ.
645 1123 703 1187 19;
737 1124 802 1186 «Ex
830 1129 986 1205 quattuor
1016 1128 1205 1206 temporum
1236 1129 1479 1193 mutationibus
1508 1149 1581 1193 om-

456 1239 616 1302 nium...
638 1240 735 1302 initia
754 1261 926 1322 oausaeque
946 1241 1144 1316 ducuntur»,
1164 1241 1214 1304 De
1232 1241 1288 1305 fin.
1309 1243 1345 1307 V.
1362 1246 1390 1317 6,
1407 1245 1464 1309 17;
1490 1266 1581 1309 ‹iom-

455 1355 509 1418 nis
529 1354 570 1418 ab
591 1375 628 1417 eo
649 1357 744 1436 quasi
768 1357 875 1438 eapite
895 1357 935 1419 de
956 1377 1086 1420 summo
1114 1358 1202 1420 bono
1223 1362 1255 1420 et
1274 1358 1363 1421 malo
1393 1359 1580 1441 disputatio

455 1470 617 1534 ducitur».
641 1466 774 1556 Corpus
795 1474 905 1534 autem
931 1472 1129 1534 sceleratum
1157 1472 1239 1534 dixit
1259 1493 1297 1534 ex
1316 1473 1469 1536 doetrina
1492 1472 1579 1538 Stoi-

456 1606 580 1659 oorum,
610 1587 665 1667 qui
696 1587 963 1667 perturbationes
993 1588 1097 1649 animi
1125 1590 1173 1664 (τὰ
1205 1589 1313 1673 πάθη),
1346 1587 1434 1650 unde
1464 1591 1581 1652 omnia

456 1701 581 1765 seelera
600 1705 782 1767 orerentur.
805 1703 965 1765 exanimi
995 1723 1070 1764 oum
1089 1722 1226 1784 corpore
1257 1703 1494 1766 ooniunotione
1522 1703 1580 1766 de-

455 1817 629 1880 duoebant.
650 1817 746 1880 Hano
759 1817 945 1881 doctrinam
957 1819 1083 1898 optime
1098 1819 1249 1899 exposuit
1260 1818 1427 1898 Vergilius
1442 1820 1479 1881 in
1492 1821 1577 1883 Aen.

455 1932 520 2008 vi,
540 1933 598 1995 ubi
618 1933 658 1995 de
678 1935 790 1995 animo
811 1935 958 1996 humano
979 1935 1058 1997 dicit
1078 1936 1151 2010 (vsu.
1175 1935 1391 2012 730—739.):

576 2100 687 2174 Igneus
709 2105 755 2158 est
776 2102 844 2159 ollis
864 2103 952 2174 vigor
973 2105 1004 2159 et
1026 2102 1153 2160 eoelestis
1176 2103 1260 2176 origo

577 2215 761 2285 Seminibus,
784 2219 934 2291 quantum
956 2237 1020 2275 non
1041 2221 1142 2276 noxia
1163 2201 1293 2293 corpora
1314 2217 1438 2277 tardant

576 2332 763 2407 Terrenique
785 2332 933 2390 hebetant
953 2335 1037 2390 artus
1059 2332 1302 2410 moribundaque
1325 2333 1472 2404 membra,

455 2519 576 2585 deinde
593 2541 631 2582 ex
646 2541 784 2602 corpore
801 2522 880 2584 oriri
896 2520 992 2584 docet
1005 2511 1161 2603 q‘uattuor
1172 2523 1440 2603 perturbationes
1458 2523 1576 2599 animi,

455 2657 538 2720 quas
555 2635 657 2701 Stoioi
669 2636 928 2717 distinguebant,
943 2639 1088 2702 soilioet:
1108 2638 1331 2708 formidinem.
1346 2638 1576 2720 cupiditatem.

455 2752 687 2835 aegritudinem
708 2756 740 2815 et
757 2755 964 2835 voluptatem
984 2758 1057 2832 (vos.
1080 2754 1286 2834 733—734):

495 2914 578 2972 Hine
599 2914 741 2971 metuunt
761 2914 958 2988 eupiuntque,
981 2913 1088 2971 dolent
1109 2912 1301 2988 gaudentque
1324 2932 1422 2989 neque
1445 2932 1535 2972 auras

494 3030 671 3105 Dispioiunt
692 3030 801 3087 olausae
823 3029 959 3088 tenebris
983 3033 1013 3088 et
1034 3049 1155 3089 oaroere
1177 3049 1266 3089 oaeoo.

455 3256 500 3264 -
513 3219 625 3303 pulpa
645 3224 694 3281 est
714 3240 788 3282 earo
810 3220 882 3282 sine
907 3220 1036 3282 ossibus
1051 3242 1058 3294 ;
1088 3220 1150 3281 hoo
1181 3219 1253 3281 looo
1280 3218 1370 3281 idem
1399 3219 1575 3299 signifieat,

454 3333 543 3418 quod
562 3352 642 3398 euro
663 3338 695 3397 et
713 3335 850 3415 ponitur
868 3355 929 3416 pro
949 3354 1096 3415 oorpore.
1118 3335 1234 3397 viliore
1263 3338 1390 3397 naturae
1420 3335 1577 3396 humanae

453 3454 558 3535 parte.
579 3450 734 3513 Imitatur
752 3454 852 3531 poeta
880 3448 1017 3517 Stoicos
1041 3449 1129 3531 apud
1157 3470 1239 3531 quos
1268 3449 1345 3532 σάρξ
1365 3469 1451 3529 saepe
1479 3469 1578 3511 usui·-

454 3570 553 3651 patur
572 3587 632 3648 pro
652 3585 789 3647 corpore
809 3568 967 3629 humano.
990 3564 1035 3628 of.
1057 3566 1162 3646 Epiot.
1180 3564 1221 3628 ΙΙ.
1236 3567 1265 3639 8,
1281 3566 1319 3627 i:
1340 3562 1395 3636 Τίς
1415 3557 1466 3627 οὖν
1483 3558 1577 3626 οὐσία

454 3687 549 3760 esem
575 3681 677 3767 Σάρξ;
703 3681 756 3769 Μὴ
781 3687 916 3764 rivorum
938 3681 962 3745 I.
986 3683 1013 3755 3,
1036 3682 1073 3745 5:
1095 3679 1142 3745 Τὰ
1167 3681 1300 3765 &bouquet
1325 3702 1382 3765 μου
1408 3678 1572 3763 σαρκίδια;

453 3800 478 3864 Ι.
501 3801 552 3873 29,
583 3801 621 3862 6:
651 3796 811 3876 (ἀπειλεῖς)
844 3795 904 3879 ὅλῳ
937 3809 979 3881 τῷ
1014 3797 1170 3880 superbio.
1205 3796 1391 3861 Stoicorum
1423 3794 1577 3875 exemplo

454 3934 591 3981 equitem
611 3935 670 3997 pro
691 3930 829 3997 corpore
848 3917 1015 3995 usurpant
1036 3915 1136 3977 etiam
1154 3913 1300 3976 Romani
1329 3912 1517 3991 scriptores,
1537 3912 1578 3971 ut

453 4032 557 4096 Varro
587 4029 665 4109 (Sat.
686 4030 774 4094 Men.
795 4029 866 4093 Rei.
887 4051 918 4111 p.
943 4031 1014 4094 loa.
1037 4022 1077 4092 ed
1104 4028 1232 4107 Rieset:
1267 4027 1348 4092 «Sed
1367 4026 1497 4108 quidvis
1516 4044 1579 4106 po-

453 4150 521 4212 tius
541 4149 651 4220 homo,
674 4167 773 4228 quam
793 4120 980 4211 euruuouio
1000 4150 1132 4209 nostra»
1162 4149 1194 4207 ot
1223 4143 1335 4208 Soneo.
1357 4143 1416 4224 Ep.
1439 4142 1490 4212 65,
1513 4141 1577 4203 ii:

459 4265 654 4344 «Nunquam
673 4284 727 4325 me
746 4283 824 4328 euro
843 4264 909 4326 ista
927 4261 1106 4343 compellet
1130 4260 1171 4323 ad
1190 4264 1380 4322 metum...
1402 4276 1576 4339 nunquam

453 4382 491 4444 in
510 4382 672 4443 honorem
692 4381 792 4442 huius
813 4378 1006 4461 corpusculi
1026 4378 1200 4439 mentiar».

506 4496 543 4560 V.
566 4497 705 4559 64—67.
727 4491 808 4559 Haeo
826 4494 892 4558 sibi
911 4497 1069 4577 corrupto
1099 4492 1230 4557 ensium
1250 4488 1403 4555 dissoluit
1423 4489 1511 4554 oliuo
1532 4486 1579 4551 Et
