3917 5475
428 679 434 691 ·
472 650 531 724 {¹4⁸
890 672 999 716 sunau
1014 674 1050 716 11.
1068 671 1190 718 ee—ee.

479 877 524 892 μ
543 845 797 932 Saturniaque.
817 898 824 911 .
845 901 851 912 .
869 867 951 929 aru,
962 868 1043 912 vasa
1063 869 1156 912 saera
1173 871 1211 912 ex
1224 872 1286 914 sere
1300 853 1395 927 faeta,
1417 874 1489 934 quae
1502 859 1605 936 poeta

475 965 554 1029 ‘ideo
574 968 670 1027 voeat
690 961 868 1044 Saturnia,
896 965 984 1044 quia,
1009 968 1047 1027 ut
1066 966 1194 1028 scholia
1213 971 1301 1030 reete
1322 968 1497 1049 explicant,
1524 969 1602 1034 «Sa-

475 1086 579 1145 turno
598 1081 635 1143 in
654 1080 751 1142 Italia
779 1083 941 1160 regnante
960 1101 1004 1143 aes
1023 1081 1061 1142 in
1079 1101 1143 1143 usu
1161 1082 1233 1155 fuit,
1255 1083 1343 1163 quod
1363 1085 1464 1147 etiam
1483 1091 1604 1166 postea

479 1199 517 1259 in
535 1195 604 1277 sede
625 1194 761 1259 Saturni
776 1193 989 1271 condebatur,
1004 1195 1093 1258 unde
1112 1198 1266 1260 aerarium
1286 1197 1411 1262 dietum
1433 1203 1491 1263 est.
1510 1201 1603 1264 Non-

481 1313 561 1376 dum
585 1313 675 1374 enim
701 1312 810 1374 iuerat
838 1314 1014 1392 argentum
1042 1332 1149 1392 neque
1179 1333 1329 1377 aurum».
1358 1315 1534 1378 Aerarium
1564 1319 1602 1379 in

476 1427 548 1492 aede
569 1425 704 1492 Saturni
723 1427 826 1489 fuisse
845 1427 1115 1490 testanturVarr.
1137 1426 1172 1491 L.
1195 1428 1230 1491 L.
1251 1428 1287 1492 V.
1313 1430 1384 1493 183.
1405 1435 1438 1494 et
1453 1431 1601 1496 Maerob.

481 1544 547 1609 Sat.
568 1543 592 1608 L
615 1542 644 1606 8.
664 1541 757 1607 Aera
776 1563 836 1623 pro
855 1544 944 1606 vasis
964 1544 1067 1616 aereis,
1089 1546 1126 1606 ut
1144 1542 1225 1606 Hor.
1247 1542 1353 1608 Germ.
1375 1545 1428 1609 IV.
1451 1548 1601 1622 8‚1—e:

485 1634 670 1723 «Donarem
704 1662 837 1740 pateras
867 1663 1026 1741 grataque
1060 1660 1254 1724 commodus
1288 1660 1481 1732 Censorine,
1515 1667 1602 1728 meis

480 1799 545 1842 aera
564 1777 765 1842 sodalibus».
785 1813 830 1827 .—
848 1775 995 1859 impulit,
1015 1778 1175 1851 removit;
1196 1779 1235 1840 ef.
1257 1777 1329 1841 Tae.
1350 1779 1437 1843 Hist.
1459 1780 1512 1843 IV.
1537 1782 1602 1844 34:

484 1898 611 1959 «eastra
628 1897 665 1958 in
684 1895 816 1957 hostem
831 1892 945 1959 movit.
967 1911 1066 1973 quem
1083 1893 1109 1956 si
1125 1895 1237 1956 statim
1257 1894 1430 1977 impellere
1450 1916 1602 1960 sursum-

480 2033 543 2095 que
568 2031 679 2074 rerum
706 2009 1040 2091 sequi-maturasset.
1071 2008 1198 2072 solvere
1230 2009 1396 2074 obsidium
1426 2011 1600 2091 legionum

480 2127 598 2193 eodem
616 2127 746 2207 impetu
758 2125 904 2206 potuita>
928 2124 1051 2187 Lucan.
1066 2125 1090 2188 I.
1108 2125 1188 2189 149:
1214 2125 1419 2208 «iinpellenS,
1438 2125 1600 2208 quidquid

480 2243 544 2309 sibi
564 2262 695 2306 summa
724 2241 851 2322 petenti
883 2239 1067 2304 Obstaret».
1088 2278 1133 2284 —
1158 2237 1372 2324 Vestalesque
1394 2260 1514 2319 urnae,
1534 2244 1599 2306 vir-

479 2353 575 2444 gines
593 2358 744 2421 Vestales
770 2357 859 2419 vasis
886 2356 1044 2420 fictilibus
1073 2356 1255 2420 utebantur
1276 2355 1314 2419 in
1345 2356 1523 2421 sacrifieiis.
1550 2357 1598 2421 ef.

477 2477 550 2539 vu.
571 2473 657 2537 Max.
678 2472 730 2536 IV.
760 2472 838 2545 1¹41
875 2496 882 2535 :
907 2472 987 2534 «Per
1015 2476 1156 2535 aeternos
1184 2471 1291 2535 Vestae
1321 2473 1411 2536 ineos
1441 2472 1601 2536 fiatilibus

481 2594 588 2656 etiam·
600 2609 691 2653 nune
718 2589 806 2651 vasis
834 2591 1010 2650 eontentos
1038 2589 1144 2651 iuro».
1180 2585 1282 2653 Urnis
1315 2593 1426 2651 autem
1445 2587 1601 2652 Vestales

477 2707 668 2779 utebantur,
689 2707 727 2767 ut
746 2723 867 2786 aquam
887 2725 926 2767 ex
943 2702 1082 2767 flumine
1109 2705 1184 2767 vivo
1204 2705 1386 2779 haurirent,
1409 2724 1474 2786 qua
1494 2703 1599 2767 adem

477 2824 740 2904 ‘conspergerent
759 2824 792 2883 et
809 2840 889 2883 vasa
908 2840 1001 2883 saara
1020 2824 1210 2901 purgarent.
1233 2819 1279 2884 Of.
1302 2821 1397 2901 Prop.
1419 2819 1471 2883 IV.
1493 2821 1523 2893 4,
1549 2820 1601 2882 1-6,

482 2941 522 3004 de
541 2938 681 3019 Tarpeia
709 2936 854 3000 Vestali:
888 2935 994 2997 «Hine
1014 2935 1153 3017 Tarpeia
1173 2935 1241 2998 deae
1262 2939 1389 2998 fontem
1407 2935 1545 2998 libavit:
1567 2939 1603 2997 at

481 3057 534 3119 illi
558 3054 708 3134 Urgebat
734 3052 883 3115 medium
910 3051 1022 3115 fictilis
1050 3073 1134 3114 urna
1162 3056 1303 3133 eaput»;
1333 3050 1390 3115 Ov.
1420 3050 1509 3113 Fast.
1540 3050 1602 3113 III.

484 3171 631 3235 11-142

478 3293 481 3300 ’
602 3292 698 3353 Silvia
719 3291 852 3351 Vestalis
874 3290 960 3367 (quid
983 3292 1066 3348 enim
1087 3294 1172 3348 vetat
1192 3288 1264 3348 inde
1286 3290 1404 3347 moveri
1413 3289 1438 3366 i)

642 3408 735 3468 Saura
755 3408 909 3465 lavaturas
930 3426 1022 3464 mane
1043 3406 1167 3481 petebat
1189 3425 1291 3481 aquas.

478 3541 482 3547 ·
601 3525 737 3584 Ventum
759 3527 826 3581 erat
848 3522 886 3581 ad
907 3524 995 3581 molli
1018 3521 1165 3580 declivem
1188 3524 1311 3580 tramite
1332 3522 1451 3597 ripam:

639 3641 770 3699 Ponitur
791 3658 806 3697 e
829 3657 950 3696 summa
970 3640 1074 3715 fictilis
1096 3658 1179 3696 elenu
1202 3656 1305 3694 manu.

481 3902 525 3910 —
549 3865 692 3930 iliseune
711 3865 820 3949 fietile,
842 3862 1021 3927 simulacra
1040 3816 1177 3925 dearum
1196 3862 1321 3937 fietilia,
1343 3863 1457 3944 qualia
1468 3862 1602 3926 Etrusci

482 3980 563 4043 olim
582 3981 757 4043 faciebant.
779 3979 825 4043 Of.
847 3980 931 4042 Plin.
949 3979 986 4041 N.
1007 3978 1049 4041 H.
1075 3978 1203 4042 XXXV.
1228 3979 1309 4042 157:
1334 3979 1514 4041 «Praeterea
1534 3978 1602 4042 ela·

481 4097 631 4160 boratam
648 4096 746 4167 ,hane
777 4100 883 4157 artem
909 4097 1049 4172 (statuas
1076 4093 1235 4175 fingendi)
1266 4094 1370 4159 Italiae
1400 4099 1432 4158 et
1456 4095 1602 4157 maxims

483 4180 642 4288 Etrurine,
669 4208 808 4277 Vulcani
826 4209 900 4276 Veis
919 4210 1075 4291 accitum,
1096 4212 1148 4273 eui
1168 4210 1293 4275 locaret
1312 4210 1511 4292 Tarquinius
1532 4210 1602 4272 Pri-

482 4347 556 4389 seus
580 4326 669 4389 Iovis
699 4325 841 4407 effigiem
869 4327 905 4388 in
933 4325 1098 4407 Capitolio
1127 4325 1312 4389 dicandam.
1342 4323 1499 4391 Fictileni
1524 4346 1603 4389 eum

481 4442 583 4505 fuisse
605 4446 637 4504 et
655 4440 730 4504 ideo
743 4442 877 4504 miniari
898 4442 1043 4518 solitum,
1061 4442 1172 4506 fictilis
1189 4444 1224 4504 in
1242 4443 1374 4523 fastigio
1394 4442 1515 4523 templi
1528 4440 1601 4506 eius
