3917 5475
900 1376 1130 1460 SATIRA
1157 1377 1192 1459 Ι.

486 1684 514 1747 0
534 1681 834 1755 curashominum,
857 1700 876 1742 o
896 1684 1060 1761 quantum
1080 1684 1130 1742 est
1148 1680 1185 1742 in
1204 1680 1302 1743 rebus
1321 1680 1502 1745 inane!

491 1798 684 1879 «Quisleget
693 1798 764 1859 haec
772 1802 804 1861 P»
814 1793 1135 1860 -Mintuistudaisc
1143 1796 1247 1859 Nemo
1259 1797 1436 1860 hercule-
1446 1797 1603 1863 «Nomou»
1617 1836 1645 1846 -

486 1915 549 1981 Vel
566 1913 632 1978 duo
651 1914 705 1976 vel
723 1932 833 1976 nemo.
853 1947 898 1955 —
921 1911 1047 1992 «Turpe
1068 1915 1100 1973 et
1119 1912 1338 1975 miserabile.»
1362 1949 1405 1955 —
1425 1914 1564 1993 Quare?

487 2030 536 2092 Ne
553 2029 640 2093 mihi
658 2028 859 2109 Pulydamas
880 2032 912 2089 et
931 2025 1088 2090 Troiades
1108 2027 1300 2091 Labeonem

458 2144 723 2208 sPraetulerint?
741 2144 861 2224 Nugae!
882 2143 966 2216 Non,
990 2143 1017 2204 si
1038 2141 1118 2223 quid
1136 2143 1269 2207 turbida
1287 2144 1394 2208 Roma

487 2261 612 2330 Elevet,
633 2256 769 2322 accedas
790 2277 969 2321 examenvc
985 2257 1176 2338 improbum
1195 2259 1232 2320 in
1250 2259 1309 2322 illa

489 2375 638 2456 (lastiges
657 2375 792 2448 trutina,
814 2394 875 2436 neo
894 2378 926 2436 te
947 2375 1138 2455 quaesiveris
1159 2379 1257 2438 extra.

489 2491 573 2555 Nam
588 2491 702 2554 Romae
721 2494 770 2552 est
786 2491 861 2570 quis
877 2510 965 2552 non.
978 2539 986 2552 .
998 2496 1034 2553 ‚⁶2
1052 2477 1098 2552 Ac
1119 2491 1147 2552 si
1168 2490 1416 2562 1111111111...
1439 2493 1496 2557 111
1514 2496 1585 2558 fas:

488 2607 589 2678 Tunc,
611 2626 686 2668 curn
706 2605 748 2669 ad
766 2606 924 2669 canitiem
945 2610 976 2667 et
996 2610 1150 2669 nostrum
1169 2607 1258 2669 istud
1277 2608 1387 2671 vivere
1406 2610 1501 2672 111111

444 2745 472 2786 m
489 2723 608 2808 Aspexi
630 2743 667 2786 ac
685 2722 829 2785 nucibus
848 2722 990 2786 facimus
1010 2742 1225 2805 quaecumque
1246 2723 1378 2794 relictis.
1474 2753 1478 2764 ¹

490 2841 574 2905 Cum
593 2842 742 2923 sapimus
755 2845 901 2922 patruos,
917 2846 1007 2914 tunc,
1021 2845 1109 2907 tuno.
1125 2842 1306 2921 ignoscite.
1319 2890 1326 2904 .
1338 2891 1346 2904 .
1359 2879 1402 2884 —
1417 2841 1548 2906 «Nolo»
1565 2879 1611 2887 -

490 2955 576 3036 Quid
595 2957 739 3020 faciam?
758 2954 822 3019 Sed
842 2977 916 3018 sum
935 2956 1102 3037 petulanti
1122 2957 1236 3037 splene
1256 2957 1428 3020 cachinno

534 3071 715 3138 Scribimus
734 3074 864 3146 inclusi,
886 3092 1045 3135 numeros
1065 3073 1130 3140 ille.
1152 3073 1206 3134 hic
1225 3072 1309 3155 pede
1328 3074 1420 3142 liber.¹

491 3187 623 3254 Grande
643 3188 777 3271 aliquid.
799 3189 887 3271 quod
906 3190 1021 3270 pulmo
1042 3189 1161 3251 animae
1181 3190 1362 3281 praelargus
1382 3190 1525 3253 anhelet.

446 3329 473 3367 11
492 3305 623 3369 Scilicet
642 3307 713 3369 haec
731 3309 856 3389 populo
876 3327 1045 3389 pexusque
1065 3311 1207 3388 togaque
1228 3308 1350 3369 recent'

490 3423 532 3484 Et
550 3423 708 3486 natalicia
727 3420 863 3486 tandem
883 3442 959 3484 cum
978 3422 1184 3504 sardonyche
1204 3423 1298 3486 albus

491 3537 575 3600 Sede
594 3539 684 3619 leges
705 3539 801 3606 celsa.
823 3538 948 3620 liquido
970 3559 1046 3601 oum
1065 3541 1228 3620 plasmate
1248 3543 1362 3620 guttur
1430 3613 1432 3618 ¹

491 3653 614 3717 Mobile
635 3656 810 3722 conlueris.
831 3656 977 3736 patranti
999 3658 1122 3719 fractus
1143 3657 1257 3718 ocelle.

491 3768 582 3831 Tunc
601 3789 708 3851 neque
729 3790 820 3833 more
840 3771 943 3853 probo
963 3771 1076 3835 videas
1096 3792 1157 3834 nec
1175 3792 1255 3835 voce
1276 3793 1393 3835 serena

439 3885 641 3969 Ι1111311111
660 3884 825 3966 trepidare
845 3887 944 3961 Titos,
967 3907 1043 3949 cum
1062 3889 1210 3950 carmina
1229 3888 1381 3950 lumbum

491 4001 622 4062 intrant
643 4003 674 4061 et
693 4001 837 4062 tremulo
863 4002 1059 4084 scalpuntur
1077 4002 1133 4064 ubi
1154 4003 1273 4066 intima
1292 4024 1398 4066 versu.

491 4116 573 4188 Tun,
594 4116 712 4182 vetule.
735 4117 892 4179 auriculis
909 4118 1029 4180 alienis
1049 4119 1177 4198 colligis
1198 4139 1298 4186 escas.

491 4231 648 4293 Articulis
668 4231 787 4311 quibus
808 4237 840 4294 ct
859 4232 950 4296 dicas
972 4239 1047 4295 cute
1066 4232 1233 4315 perditus:
1260 4235 1366 4298 the»
1381 4242 1395 4300 1

496 4345 586 4426 «Quo
606 4345 770 4415 didicisse.
789 4349 856 4410 nisi
875 4349 937 4410 hoc
957 4351 1161 4412 fermentum
1182 4355 1222 4425 et,
1244 4373 1314 4432 quae
1335 4353 1439 4414 semel
1458 4352 1550 4414 intus

446 4487 474 4526 15
491 4463 612 4525 Innata
632 4466 690 4531 111,
712 4469 809 4544 rupto
828 4465 937 4526 iecore
959 4465 1074 4526 exierit
1091 4465 1305 4546 caprificum»
1329 4504 1373 4509 —
