3917 5475
847 695 956 752 sumas
975 695 997 739 1.

360 873 585 936 Protulerim?
605 836 736 946 Cantas,
758 892 834 935 cum
854 873 958 936 fracia
976 876 1010 935 le
1029 874 1067 935 in
1085 874 1177 936 lrabe
1196 875 1324 956 picium

359 989 407 1051 Ex
425 1008 541 1051 umero
561 992 698 1070 peries?
716 987 840 1050 Verum
859 1008 920 1050 neo
939 993 1037 1051 necle
1056 994 1210 1071 paratum

360 1104 515 1171 Plorabil.
538 1104 595 1185 qui
614 1111 667 1165 me
686 1104 776 1167 volel
793 1104 988 1167 incurvasse
1008 1106 1151 1186 querela.

409 1215 492 1281 «Sed
511 1219 660 1281 numeris
679 1217 778 1281 decor
798 1223 848 1281 est
868 1222 900 1281 el
918 1220 1074 1282 iunctura
1093 1218 1205 1283 addin
1224 1221 1343 1285 crudis.

360 1319 521 1396 claudere
542 1334 587 1396 sic
607 1354 739 1396 versum
763 1332 879 1396 didicit
897 1331 1117 1419 Berecyntius
1136 1334 1224 1400 Allis

358 1448 401 1511 Ei
420 1450 479 1537 qui
498 1449 693 1514 caeruleura
711 1448 894 1515 dirimebal
914 1448 1026 1515 Nerea
1045 1448 1192 1533 delphin,

361 1562 414 1627 Sic
432 1569 559 1630 coslarn
580 1566 679 1651 longo
699 1562 928 1632 subduximus
951 1563 1140 1649 Apennino.
1496 1595 1523 1634 a

360 1678 470 1745 Arma
486 1681 599 1744 uirurn
618 1719 661 1724 —
680 1701 794 1743 nonne
814 1682 876 1744 hoc
897 1701 1093 1763 spumosum
1115 1686 1147 1744 ei
1166 1685 1287 1746 corlice
1306 1686 1432 1767 pingui,

359 1795 404 1859 Ur.
423 1798 547 1859 ramale
567 1801 662 1859 velus
681 1795 841 1876 vegrandi
861 1796 978 1859 subere
999 1800 1171 1861 cociumlr
1195 1835 1238 1841 -—

360 1909 526 1990 Quidnam
544 1912 647 1993 igilur
665 1916 819 1984 tenerum
838 1915 870 1975 el
889 1912 963 1976 laxa
981 1913 1107 1975 cervice
1127 1914 1329 1994 legendum?
1346 1954 1388 1961 -

364 2025 496 2091 «Torua
516 2026 746 2091 Mimalloneis
764 2027 952 2109 implerunt
971 2045 1101 2091 cornua
1122 2026 1262 2105 bombis,

360 2139 403 2207 lll
421 2144 561 2224 raplurn
584 2141 689 2206 oilulo
710 2145 813 2226 capul
832 2141 996 2209 ablalura
1014 2142 1158 2225 superbo

330 2271 332 2276 ·
359 2256 522 2322 Bassaris
543 2262 573 2323 el
594 2258 726 2343 lpncern
741 2257 883 2323 Maenas
900 2260 1037 2342 [lesura
1057 2259 1225 2343 corymbis

360 2372 498 2438 Euhion
516 2374 719 2460 ingeminat,
738 2375 945 2459 reparabilis
965 2374 1113 2441 adsonat
1131 2374 1218 2441 eobo.
1229 2401 1240 2434 r

359 2490 439 2552 Haec
458 2488 586 2565 fierent,
608 2492 637 2554 si
655 2492 802 2554 tesiiculi
819 2511 905 2554 vena
923 2492 994 2554 ulla
1012 2492 1144 2573 paterni

359 2606 493 2670 Viveret
509 2609 545 2668 in
564 2606 686 2671 nobis?
704 2604 842 2671 Summa
861 2607 1015 2671 delumbe
1035 2608 1139 2670 saliva

359 2720 433 2785 Hoc
451 2725 547 2786 nabar
566 2723 602 2785 in
621 2722 732 2798 labris,
754 2727 787 2786 el
805 2723 842 2786 in
860 2722 927 2788 udo
948 2727 999 2787 esl
1017 2722 1143 2788 Maenas
1164 2725 1310 2799 cirillia,

360 2838 427 2900 Nec
445 2838 597 2920 pluteum
616 2838 721 2913 caedit,
742 2859 803 2901 nec
823 2838 995 2902 demorsos
1016 2841 1103 2922 sapii
1121 2841 1253 2922 unguis.

410 2952 493 3018 «Sed
512 2953 590 3036 quid
608 2975 691 3037 opus
709 2958 842 3018 teneras
861 2954 1009 3018 mordaci
1028 2954 1143 3018 radere
1161 2976 1240 3019 vero

360 3070 558 3134 auriculas?
575 3068 659 3133 Vide
679 3071 733 3144 sis,
755 3091 798 3133 ne
822 3070 987 3133 maiorum
1007 3071 1068 3133 libi
1088 3072 1173 3135 force

360 3186 495 3249 Limina
514 3187 702 3267 frigescam,
722 3190 819 3249 sonal
838 3187 892 3249 hic
910 3186 952 3248 de
971 3207 1053 3249 nare
1073 3187 1194 3250 canina

361 3302 520 3364 Iilierau.
543 3339 585 3344 -
604 3301 667 3363 Per
686 3321 740 3363 me
760 3301 914 3382 equidem
931 3302 999 3364 sini
1020 3302 1134 3364 omnia
1153 3302 1307 3383 probinus
1327 3301 1410 3365 alba¹

361 3418 416 3481 Nil
435 3436 555 3479 moror.
575 3417 667 3498 Euge
688 3436 813 3491 omnes,
836 3436 953 3479 omnes
968 3417 1063 3491 bene,
1085 3417 1175 3479 mirae
1197 3417 1289 3479 erilis
1308 3437 1369 3480 res.

361 3533 435 3597 Hoc
452 3534 569 3596 iuvat?
592 3532 691 3595 «Hic»
714 3532 826 3613 inquis
850 3536 942 3595 «veto
962 3532 1139 3613 quisquam
1158 3533 1239 3594 larii
1259 3532 1413 3595 alsium.»

361 3649 466 3731 Pinge
484 3649 569 3712 duos
589 3650 727 3730 anguis:
751 3647 876 3720 «Pueri,
899 3667 991 3709 sacer
1011 3651 1060 3708 esi
1079 3646 1181 3717 locus,
1204 3650 1294 3710 extra

341 3853 343 3857 ι
362 3765 497 3829 Meiieu:
516 3764 659 3827 discedo,
681 3761 793 3827 Secuii
813 3763 960 3825 Lucilius
979 3763 1105 3836 urbem,

362 3881 407 3944 Te
426 3881 529 3963 Lupe,
550 3886 583 3944 le
602 3881 701 3956 Muci,
724 3885 756 3944 ei
775 3882 960 3963 genuinum
980 3880 1078 3961 fregit
1096 3881 1134 3942 in
1152 3880 1239 3956 illis3

363 3996 474 4081 Omne
489 3998 581 4060 vafer
598 3997 718 4059 vilium
737 3995 859 4059 ridenti
878 3995 1017 4058 Flaccus
1038 3995 1144 4058 amico

362 4112 482 4192 Tangil
502 4115 534 4174 ei
553 4111 720 4175 admissus
739 4112 863 4174 circum
881 4110 1063 4193 praecordia
1082 4109 1176 4184 ludii,

362 4225 510 4290 Callidus
530 4246 665 4290 excusso
684 4227 847 4309 populum
866 4224 1068 4307 suspendere
1087 4244 1187 4289 naso:

362 4341 418 4406 Me
436 4343 559 4404 mutire
582 4343 702 4405 nefas?
720 4341 786 4404 Nec
806 4342 919 4405 clam?
938 4341 1005 4404 Nec
1024 4360 1101 4403 cum
1128 4340 1267 4404 scrobe?
1285 4340 1481 4421 Nusquam?

361 4457 426 4520 Hic
445 4461 560 4521 lamen
577 4458 750 4522 infodiam.
770 4457 855 4533 Vidi,
876 4457 945 4520 vidi
963 4460 1054 4540 ipsa
1066 4459 1196 4523 libelle:
1482 4483 1525 4525 rao
