3917 5475
463 673 512 727 198
770 693 880 739 sirum
895 695 943 740 uu
960 693 1080 741 so-sa.
1097 697 1138 740 m
1152 694 1272 742 94-97.

580 867 748 928 Admotum
768 870 906 946 pedibus,
929 868 966 929 de
989 890 1047 946 quc
1071 873 1220 930 sextarius
1243 874 1320 932 alter

512 1037 514 1043 .
579 984 710 1044 Ducitur
730 988 803 1044 ante
824 986 934 1045 cibum.
947 986 1089 1046 rabidam
1109 987 1247 1049 facturus
1268 989 1394 1061 orexim,

583 1100 666 1160 Dum
687 1102 768 1162 redit
789 1104 819 1160 et
839 1103 902 1161 loto
924 1103 1039 1161 terram
1060 1102 1132 1160 ferit
1152 1105 1316 1164 intestino:

460 1331 533 1393 Hoc
551 1329 625 1392 loeo
644 1331 796 1410 aegrotus,
818 1328 873 1409 qui
899 1347 1064 1390 summam
1088 1327 1328 1390 abstinentiam
1348 1329 1507 1394 adhibere
1525 1332 1583 1401 de-

460 1447 567 1520 bebat,
588 1444 762 1534 cupiditati
780 1447 966 1524 temperare
983 1444 1118 1525 nequit:
1138 1445 1215 1513 iam.
1233 1447 1271 1508 ut
1290 1445 1454 1509 helnones
1473 1448 1583 1511 facere

460 1563 578 1636 solent,
598 1561 776 1634 levatione,
793 1559 967 1641 potatione
996 1561 1029 1621 et
1056 1559 1241 1623 vomitione
1260 1561 1332 1623 vult
1353 1566 1600 1645 appetentiam.

460 1679 609 1743 ciborum
628 1677 664 1740 in
695 1697 730 1740 se
759 1675 909 1750 excitare,
941 1674 1008 1749 sed.
1028 1678 1066 1737 ut
1086 1675 1187 1737 etiem
1205 1676 1391 1741 valetudini
1411 1679 1524 1761 aliqua
1543 1703 1584 1745 ex

458 1799 553 1877 parte
572 1794 746 1858 consulere
773 1792 933 1866 videatur,
965 1792 1082 1854 vinum
1109 1812 1178 1857 non
1202 1793 1250 1855 ita
1272 1794 1417 1858 multum
1437 1796 1583 1878 (modice

460 1911 593 1977 sitiente
624 1908 784 1996 lcpoeaa)
819 1912 851 1971 et
879 1908 961 1987 leae,
996 1908 1235 1990 aegrotantibus
1266 1913 1381 1991 aptum
1412 1911 1505 1975 bibit.
1536 1949 1583 1957 —

462 2027 597 2092 lente..
619 2077 625 2090 .
647 2024 863 2100 Surrentina,
890 2026 969 2088 vina
995 2025 1087 2088 lenia
1107 2023 1323 2102 Surrentina3
1352 2026 1469 2089 vinum
1490 2028 1581 2091 enim

461 2142 695 2208 Surrentinum
718 2142 850 2224 aegrotis
878 2140 1159 2204 commendabant
1186 2141 1326 2216 medici;
1356 2144 1395 2205 cs.
1426 2141 1511 2205 Plin.
1541 2142 1580 2205 N.

459 2260 502 2324 Η.
521 2260 605 2324 XIV.
628 2261 687 2324 64:
713 2259 780 2322 «Ad
798 2259 931 2320 tertiam
950 2259 1100 2339 palmam
1115 2258 1205 2321 varie
1217 2279 1340 2321 venere
1359 2259 1493 2321 Albana
1505 2259 1583 2321 urbi

458 2378 577 2450 noina,
596 2376 778 2459 praedulcia
806 2395 853 2437 ac.
871 2394 946 2438 rara
972 2375 1009 2436 in
1037 2378 1180 2449 austero,
1209 2375 1291 2437 item
1320 2373 1520 2439 Surrentina
1543 2377 1588 2461 in

458 2493 565 2556 vineis
583 2495 716 2555 tantum
735 2491 916 2564 nascentia,
942 2489 1252 2554 convalescentibus
1276 2491 1419 2554 maxime
1439 2493 1581 2574 probate

457 2612 594 2691 propter
612 2608 812 2669 tenuitatem
833 2606 1139 2688 salubritatemque.
1154 2606 1304 2671 Tiberius
1321 2606 1432 2672 Caesar
1449 2601 1581 2672 dicebat

457 2723 668 2787 consensisse
684 2722 840 2797 medicos,
855 2726 893 2787 ut
904 2722 1117 2786 nobilitatem
1130 2720 1327 2787 Surrentino
1347 2723 1475 2802 darent,
1497 2726 1579 2790 alio-

459 2844 515 2925 qui
544 2863 615 2905 esse
644 2859 845 2924 generosum
873 2843 1012 2908 acetum.
1044 2838 1077 2903 Ο.
1108 2838 1225 2914 Caesar,
1256 2841 1313 2922 qui
1338 2842 1497 2905 successit
1515 2842 1577 2916 illi,

457 2959 605 3021 nobilem
624 2976 799 3038 vappam».
831 2952 919 3020 Leae
948 2959 999 3018 est
1017 2957 1133 3018 vinum
1154 2976 1223 3019 non
1244 2960 1424 3031 austerum,
1447 2957 1505 3020 sed
1523 2978 1578 3021 ve-

457 3078 582 3138 tustate
601 3074 801 3155 mitigatum,
823 3071 910 3154 quod
926 3073 1139 3153 aptissimum
1152 3077 1202 3136 eet
1214 3074 1365 3153 aegrotis;
1386 3075 1425 3135 ef.
1446 3072 1577 3136 Terent.

457 3191 558 3254 Haut.
584 3190 777 3254 ees—459:
808 3188 921 3268 «Quod
948 3189 1019 3253 vini
1048 3189 1243 3270 absumpsit,
1276 3191 1322 3252 sic
1351 3190 1422 3264 hoc,
1453 3187 1576 3260 dicens.

459 3328 623 3388 asperum,
649 3307 755 3379 Pater,
785 3308 848 3369 hoc
877 3309 945 3368 est:
975 3305 1066 3369 aliud
1095 3305 1205 3371 lectius
1235 3305 1331 3369 sodes
1359 3304 1474 3382 vide»;
1494 3303 1576 3367 Hor.

458 3421 564 3486 Carm.
585 3423 643 3486 III.
665 3423 716 3492 29.
741 3422 844 3485 1—a:
877 3420 1064 3501 «Tyrrhena
1092 3441 1208 3502 regum
1227 3422 1404 3503 progenies
1423 3420 1484 3482 tibi
1503 3419 1578 3483 Non

459 3542 535 3601 ante
554 3559 649 3602 verso
671 3538 743 3602 leae
758 3556 888 3599 merum
906 3536 987 3599 cado
1005 3586 1011 3599 .
1030 3585 1037 3599 .
1056 3585 1063 3599 .
1085 3537 1156 3599 Iam
1172 3536 1298 3600 dudum
1312 3535 1401 3619 apud
1420 3556 1473 3598 me
1494 3540 1575 3609 est»,

457 3655 517 3736 Ep.
539 3655 562 3717 I.
587 3655 636 3728 15,
658 3657 697 3719 8:
722 3653 789 3717 «Ad
817 3673 909 3717 mare
936 3676 1013 3717 oum
1040 3657 1126 3729 veni,
1157 3676 1357 3736 generosum
1382 3659 1415 3719 et
1436 3653 1507 3718 leae
1526 3674 1577 3715 re-

458 3771 581 3852 quiro.»
604 3807 649 3814 -
665 3768 811 3855 reposit,
840 3772 1025 3851 perfectum
1054 3774 1130 3851 post
1153 3770 1343 3851 praecedens
1361 3789 1518 3853 preessae,
1539 3773 1578 3831 ut

458 3886 545 3948 inlre
563 3906 609 3948 vs.
633 3886 713 3950 101:
739 3883 895 3949 «Excutit
908 3906 925 3948 e
937 3886 1103 3973 manibus,
1125 3886 1241 3951 dentes
1258 3906 1415 3970 crepuere
1428 3886 1576 3972 retecti».

459 3998 584 4063 Similis
602 4002 743 4065 variatio
759 4004 949 4083 temporum
962 4002 1003 4064 H.
1023 4003 1083 4065 32:
1108 4003 1264 4064 «exemit»
1286 4006 1319 4065 et
1332 4003 1393 4066 34:
1415 4002 1575 4084 «expiat»,

456 4115 498 4177 ll.
519 4117 581 4179 43:
606 4116 776 4178 «Adnuere
794 4116 847 4179 hie
864 4137 1003 4197 superos
1021 4119 1153 4181 vetuere
1168 4116 1346 4198 Iovemque
1362 4118 1576 4181 moreretur».

510 4230 546 4293 V.
569 4233 708 4295 tlt—97.
730 4229 837 4313 Heus,
858 4232 950 4307 boae,
981 4233 1019 4295 tu
1042 4231 1166 4315 palles,
1197 4252 1239 4294 sc.
1261 4230 1386 4306 morbo,
1408 4232 1489 4295 dicit
1507 4252 1575 4295 me-

457 4347 550 4411 dicus
581 4353 703 4431 egroto
731 4354 808 4431 post
824 4350 971 4432 aliquod
998 4353 1131 4430 tempus
1163 4369 1356 4426 occurrens;
1384 4350 1456 4412 vult
1486 4348 1575 4410 enim

458 4487 533 4528 eum
552 4466 696 4547 benigne
726 4466 913 4541 admonere,
943 4470 980 4529 ut
1000 4470 1122 4529 caveat.
1143 4466 1308 4546 Aegrotus
1329 4466 1465 4532 scilicet.
1484 4468 1575 4547 post-
