3917 5475
470 670 523 722 194
874 687 984 732 sarrai
998 689 1047 733 111.
1065 687 1185 734 85—87.

467 867 595 949 pallore
615 868 761 929 virorum
789 866 963 929 doctorum
983 865 1057 928 vide
1087 864 1340 928 adnotationem
1360 865 1445 928 adl.
1467 868 1529 942 aa
1550 868 1592 934 de

464 981 597 1066 pallere
625 1002 701 1044 cum
730 982 917 1045 accusativo
947 980 1200 1044 adnotationem
1228 980 1269 1043 ad
1297 980 1322 1045 L
1355 981 1426 1043 lac.
1452 1019 1496 1025 —-
1521 979 1593 1046 Caii·

469 1095 547 1180 quis
580 1115 647 1161 noa
676 1095 861 1179 pruiidect,
890 1093 951 1160 hoc
978 1093 1057 1160 est?
1092 1095 1156 1174 Qui
1186 1097 1390 1177 cogitatione
1422 1098 1591 1180 absumpti

470 1214 556 1285 sunt,
579 1212 680 1274 etiam
707 1231 777 1274 non
802 1211 966 1293 prandere
996 1215 1074 1274 sunt
1097 1212 1215 1292 parati,
1237 1232 1279 1274 nc
1298 1212 1400 1292 pleno
1419 1217 1535 1301 ventre
1554 1216 1592 1276 in

468 1326 924 1413 meditando-„impediantur
955 1326 1045 1409 quod
1069 1328 1219 1390 centurio
1239 1348 1309 1389 non
1328 1331 1439 1408 potest
1457 1329 1591 1390 intelle-

468 1464 554 1524 gere.
579 1442 718 1505 Videtur
745 1442 878 1506 Persius
907 1445 985 1505 ante
1016 1442 1130 1505 oculos
1160 1443 1316 1505 habuisse
1344 1442 1425 1506 Hor.
1455 1441 1521 1506 Sat.
1547 1444 1589 1507 ΙΙ.

469 1561 498 1626 ι).
524 1559 627 1622 1—7:

589 1671 662 1744 Quae
683 1674 781 1731 virtus
803 1676 834 1730 et
855 1676 977 1748 quanta,
1001 1673 1084 1742 boni,
1108 1674 1148 1730 sit
1168 1675 1272 1730 virere
1293 1691 1390 1747 parto

590 1789 663 1865 (Nec
685 1808 771 1847 meus
793 1789 843 1848 hic
866 1808 967 1847 sermo
989 1791 1045 1859 est,
1067 1789 1120 1847 sed
1142 1807 1209 1864 quae
1229 1790 1378 1864 pracepit
1399 1787 1516 1847 Ofellus

589 1904 741 1972 Rusticus,
765 1903 923 1962 abnormis
945 1906 1071 1980 sapiens
1093 1922 1254 1979 crassaque
1276 1904 1429 1979 Minerva)

588 2018 714 2086 Discite,
737 2038 802 2076 non
824 2021 905 2077 inter
925 2021 1023 2077 lancis
1046 2037 1228 2094 mensasque
1250 2020 1389 2088 nitentis,

590 2132 667 2192 Cum
690 2137 792 2209 stupet
812 2135 931 2192 insanis
954 2136 1034 2192 acies
1056 2133 1225 2208 fulgoribus
1247 2138 1368 2192 etcum
1436 2210 1445 2224 ·

589 2248 728 2307 Adolinis
750 2249 835 2308 falsis
858 2252 980 2308 animus
1003 2250 1131 2308 meliora
1153 2254 1282 2319 recusat,

589 2364 704 2423 Verum
725 2365 775 2422 bic
797 2368 953 2441 impransi
975 2385 1096 2425 mecum
1119 2365 1288 2441 disquirite,

472 2600 504 2659 et
522 2596 603 2659 Hor.
626 2595 691 2660 Sat.
714 2598 755 2660 II.
778 2599 806 2664 3.
830 2599 1014 2661 ass—affl.
1036 2597 1076 2659 de
1095 2597 1281 2660 Xenocrate
1301 2600 1524 2680 philosopho:

1018 2804 1025 2816 .
1047 2805 1054 2816 .
1076 2802 1083 2815 .
1106 2759 1197 2833 potus
1218 2762 1252 2815 ut
1273 2760 1324 2816 ille

589 2874 712 2931 Dicitur
733 2893 769 2931 ex
791 2874 869 2931 collo
891 2873 998 2931 furtim
1019 2872 1168 2948 carpsisse
1190 2891 1328 2944 coronas,

589 2988 756 3063 Postquam
778 2992 824 3046 est
845 2992 1004 3063 impransi
1024 2991 1183 3064 correptus
1204 3007 1278 3047 voce
1302 2993 1453 3062 »liucinii

471 3178 517 3242 Cf.
540 3179 641 3240 etiam
660 3177 767 3239 Plaut.
797 3177 917 3259 Amph.
947 3176 971 3239 I.
1005 3178 1031 3251 1,
1054 3178 1115 3241 98:
1141 3176 1230 3240 «Hoc
1251 3178 1343 3251 adeo,
1366 3179 1427 3241 hoc
1447 3199 1592 3242 comme-

470 3294 555 3358 mini
573 3294 689 3375 magis,
711 3293 789 3373 quia
807 3292 866 3354 illo
898 3292 951 3354 die
975 3291 1176 3376 impransus
1197 3294 1276 3356 fui».
1297 3331 1341 3337 —
1359 3292 1425 3357 His
1440 3295 1592 3378 populiis

470 3408 567 3488 ridet,
586 3405 709 3472 talibus
729 3408 825 3471 dictis
845 3409 991 3490 populus
1011 3408 1134 3472 arridet
1145 3432 1152 3483 ;
1173 3407 1284 3473 cidere
1303 3430 1375 3471 cum
1398 3410 1508 3474 dativo
1530 3431 1591 3491 pro

473 3523 625 3589 arridere
660 3524 854 3586 insolenter.
886 3561 930 3567 —
957 3524 1117 3607 populna,
1148 3525 1294 3605 populus
1328 3526 1514 3607 imperitus,
1551 3526 1592 3589 ab

472 3641 564 3703 omni
583 3638 714 3702 liberali
726 3638 878 3701 doctrina
896 3639 1035 3702 alienus.
1051 3678 1094 3683 —
1109 3641 1321 3725 riialtiimque
1336 3646 1451 3707 torosa
1470 3643 1590 3707 iuven·

471 3759 537 3836 tais,
567 3756 705 3817 iuvenes
735 3754 830 3817 valde
862 3755 1009 3829 robusti;
1038 3756 1173 3823 milites.
1204 3758 1260 3837 qui
1288 3759 1370 3820 toris
1400 3762 1432 3819 et
1458 3759 1591 3825 lacertis

470 3871 626 3953 gaudent,
649 3869 706 3931 sed
723 3870 827 3933 animi
847 3871 974 3933 cultum
994 3892 1061 3952 prae
1081 3892 1218 3953 corpore
1238 3874 1429 3955 neglegunt.
1447 3911 1491 3917 --
1504 3873 1591 3938 rieul-

474 3988 622 4066 tumquc,
637 4005 718 4065 pro:
738 3985 842 4059 valde,
857 3988 894 4047 ut
913 3987 937 4047 I.
962 3987 1043 4050 139:
1068 3989 1230 4051 «multum
1250 3990 1392 4069 gaudere
1412 3994 1566 4070 paratus»
1582 4012 1590 4063 ;

471 4098 551 4161 Hor.
574 4096 640 4162 Sat.
662 4098 702 4161 Π.
726 4100 753 4172 3,
771 4101 853 4164 147ι
871 4102 1038 4165 «medicus
1051 4104 1197 4166 multum
1216 4106 1304 4166 celer
1324 4110 1422 4185 atque
1441 4104 1548 4168 fidelis
1556 4128 1590 4178 »;

470 4214 543 4276 Juv.
565 4212 604 4275 X.
627 4215 664 4277 3:
690 4235 784 4278 cvera
803 4216 892 4279 bona
911 4222 1010 4299 atquc
1031 4219 1098 4281 illis
1118 4219 1262 4281 multum
1283 4220 1444 4283 diversa».
1465 4258 1510 4264 -
1529 4216 1590 4282 ln·

470 4330 661 4415 pernitani..
680 4378 686 4393 .
704 4330 899 4412 caelamina,
928 4334 1051 4395 iterum
1083 4338 1180 4414 atque
1200 4334 1322 4396 iterum
1342 4334 1436 4396 ridet.
1457 4372 1501 4377 —
1521 4337 1590 4398 trc-

472 4445 584 4509 melos
604 4498 609 4511 .
629 4497 659 4509 ..
683 4444 877 4526 arichisum,
906 4450 985 4529 quia
1012 4452 1186 4529 tantopere
1215 4449 1333 4515 rident.
1364 4453 1401 4511 ut
1429 4454 1499 4512 toto
1521 4468 1590 4511 cor-
