3917 5475
794 708 905 753 sarum
920 709 948 752 V.
970 706 1092 752 10—-13.
1455 686 1509 738 939

382 905 443 950 neo
462 885 579 951 clauso
589 904 768 951 murmure
779 904 907 950 raucus
921 881 1043 948 Nescio
1057 881 1141 966 quid
1154 886 1263 946 laeum
1275 899 1380 966 praue
1396 880 1506 945 corui-

382 999 474 1066 caris
494 1000 613 1086 inepte,
631 1021 693 1064 neo
712 1020 882 1064 murmure
907 1020 1086 1080 suppresso
1106 1003 1217 1061 teoum
1244 996 1412 1078 loquendo
1433 1016 1506 1077 spe·

383 1117 467 1178 olem
486 1116 634 1181 hominis
654 1117 690 1179 in
709 1116 915 1196 gravissimis
935 1113 1194 1194 oogitationibus
1214 1111 1310 1175 defixi
1330 1109 1506 1174 ostendere

382 1230 522 1294 conaris.
547 1269 592 1275 —-
610 1230 729 1294 clauso
749 1248 937 1303 murmure,
955 1248 1126 1291 murmure
1147 1247 1335 1308 suppresso,
1354 1226 1506 1308 quodvis

383 1345 528 1426 erumpit
541 1365 580 1407 ex
592 1365 648 1407 ore
660 1368 667 1420 ;
682 1313 890 1408 murmurare
904 1344 995 1405 enim
1008 1343 1118 1405 solent
1130 1343 1163 1413 ii.
1179 1343 1235 1423 qui
1248 1343 1284 1404 in
1296 1342 1505 1422 rogitationi-

380 1459 442 1522 bus
455 1458 552 1522 defixi
563 1463 649 1523 sunt.
662 1457 771 1523 orm.
783 1458 924 1523 81—82.
936 1457 976 1521 de
986 1458 1213 1540 philosophis:
1230 1455 1420 1520 «Murmura
1430 1478 1505 1520 oum

381 1593 494 1637 seeum
514 1578 546 1637 et
565 1574 696 1638 rabiosa
716 1574 850 1636 silentia
868 1572 992 1636 rodunt
1010 1574 1117 1655 Atque
1137 1578 1327 1655 exporrecto
1340 1575 1505 1636 trutinan-

381 1693 435 1751 tur
452 1688 553 1751 verba
582 1689 723 1752 labello»
730 1713 737 1764 ;
769 1690 881 1768 Quint.
901 1690 984 1752 Inst.
1006 1689 1059 1753 Or.
1080 1691 1119 1753 X.
1141 1691 1170 1761 3,
1195 1691 1253 1754 15:
1275 1691 1322 1752 «si
1349 1711 1418 1753 non
1438 1741 1445 1754 .
1467 1740 1474 1753 .
1496 1740 1504 1753 .

381 1805 617 1884 cogitationem
637 1826 807 1868 munnure
821 1807 986 1886 agitantes
1000 1806 1330 1886 exspectaverimus.»
1353 1844 1397 1850 -
1415 1823 1503 1869 rau·

381 1939 441 1984 oses
462 1971 467 1983 .
491 1971 497 1984 .
520 1971 526 1983 .
555 1923 664 1985 tecum
684 1973 689 1984 .
713 1972 719 1984 .
742 1973 748 1984 .
776 1919 973 1993 semitoniis,
995 1925 1106 1984 teoum
1128 1922 1275 2003 loqueris
1295 1941 1395 1984 rauoa
1412 1941 1502 1990 vooe.

381 2057 452 2118 quae
471 2037 544 2100 vooi
563 2038 733 2100 cornicum
754 2038 874 2101 similis
894 2041 953 2100 est.
977 2033 1174 2102 Coruncani-s·
1203 2041 1253 2101 est
1280 2037 1417 2100 verbum
1443 2057 1504 2098 no-

380 2173 468 2225 vum,
489 2155 527 2214 ut
545 2152 673 2214 soholia
693 2150 871 2220 affirmant.
893 2173 911 2215 a
931 2153 1044 2216 Persio
1072 2153 1206 2227 fiotum3
1237 2153 1378 2214 ooourrit
1403 2152 1504 2214 etiam

382 2266 470 2347 apud
493 2267 696 2330 imitatorem
726 2268 806 2339 eius,
836 2267 1031 2349 Hieronym.
1058 2269 1119 2349 Ep.
1143 2269 1214 2336 125.
1239 2270 1288 2331 16.
1308 2267 1503 2331 Derivatum

382 2403 401 2445 a
432 2382 563 2445 oornioe
595 2381 759 2462 signifieat
789 2402 905 2446 vooem
934 2404 1041 2446 rauoae
1073 2385 1214 2446 oomiois
1245 2385 1317 2446 roei
1346 2383 1500 2445 similem.

379 2496 477 2579 Apud
497 2497 628 2562 Graecos
647 2501 774 2583 κρώζειν
787 2503 968 2580 usurpatur
987 2499 1028 2562 de
1048 2502 1178 2562 oornioe
1199 2499 1290 2562 etde
1310 2496 1503 2562 hominibus

381 2632 480 2675 rauna
498 2633 580 2676 vooa
598 2613 822 2694 loquentibus.
849 2614 895 2677 Cr.
923 2615 1019 2678 Luor.
1049 2616 1103 2679 VI.
1124 2615 1208 2680 751:
1233 2635 1357 2677 rrauoae
1387 2612 1502 2677 Corni-

380 2748 466 2803 oes»;
488 2727 545 2792 Ov.
566 2727 645 2792 Met.
674 2729 711 2793 V.
742 2731 816 2795 678.
847 2731 887 2794 de
915 2732 1066 2796 oornioo:
1100 2730 1295 2813 «Raucaque
1323 2728 1502 2811 garrulitas

379 2841 592 2924 studiumque
616 2845 763 2909 immane
790 2846 980 2928 loquendi».
1001 2884 1046 2891 —-
1067 2844 1185 2911 Nescio
1205 2844 1290 2931 quid
1306 2897 1314 2911 .
1333 2898 1339 2910 .
1358 2849 1364 2909 .’
1386 2861 1500 2930 praee,

376 2979 429 3021 res
448 2957 609 3039 quasdam
629 2981 754 3039 graves.
772 3000 816 3005 —
834 2960 905 3025 Neo
924 2962 1061 3046 seloppo
1076 2961 1228 3027 intrudas
1246 2959 1394 3026 intendis
1405 2977 1499 3023 raur-

374 3091 453 3156 pere
474 3072 605 3142 buccas,
626 3096 696 3137 non
714 3078 765 3139 vis
784 3078 913 3141 tumido
942 3099 998 3141 ore
1017 3078 1119 3159 loqui.
1140 3098 1209 3140 non
1237 3078 1341 3140 uteris
1369 3073 1499 3138 tumido

376 3187 507 3251 dicendi
526 3210 657 3269 genere.
685 3189 869 3255 Tumidum
882 3211 919 3257 os
931 3193 1099 3273 tragoedia
1118 3193 1291 3274 proprium
1312 3211 1384 3254 esse
1404 3188 1498 3251 dooe-

375 3323 450 3365 mur
468 3302 549 3366 Hor.
569 3305 606 3367 A.
629 3306 661 3369 P.
684 3308 735 3370 93-
753 3310 834 3371 -952

533 3463 694 3524 interdum
714 3468 820 3525 tamen
842 3470 872 3525 et
892 3487 999 3527 voaem
1020 3466 1171 3527 eomoedia
1191 3430 1293 3524 tollit¹

535 3580 695 3658 Iratusque
718 3583 864 3642 Chremes
886 3586 1006 3644 termido
1028 3583 1168 3657 delitigat
1189 3600 1258 3651 ore;

533 3696 573 3755 Et
594 3699 728 3772 tragicus
749 3700 929 3775 plerumque
952 3699 1035 3757 dolet
1056 3717 1199 3757 sermone
1220 3697 1364 3775 pedestri.

374 3921 390 3927 -
403 3922 418 3927 -
437 3884 575 3968 seloppo
595 3886 720 3949 habent
739 3888 859 3967 optimi
878 3886 1027 3962 oodioes3
1053 3886 1184 3970 slloppo
1214 3885 1414 3962 deteriores;
1434 3907 1497 3949 vox

374 3996 463 4079 apud
482 3998 632 4063 Persium
661 4002 769 4065 solum
798 4004 948 4066 ooourrit.
979 4002 1026 4066 of.
1058 4004 1202 4067 soholia:
1228 4002 1386 4086 «Slloppo
1414 4001 1496 4064 dixit

372 4117 618 4195 metaphoricos
638 4138 657 4179 a
675 4117 868 4182 ludentibus
887 4121 1010 4201 pueris,
1032 4121 1088 4201 qui
1103 4119 1223 4182 buoeas
1235 4117 1368 4181 inflatas
1386 4117 1495 4181 subito

374 4231 530 4312 aperiunt
550 4235 582 4293 et
601 4236 709 4297 totum
723 4235 823 4297 simul
835 4233 953 4298 ilatum
966 4256 1042 4298 oum
1055 4236 1168 4298 sonitu
1180 4234 1356 4297 fundunt».
1378 4231 1495 4316 Solop-

372 4364 438 4429 pus
458 4345 565 4431 ipitur
583 4346 651 4412 siue
675 4349 827 4434 slloppus
846 4353 936 4414 huno
960 4352 1107 4415 sonitum
1128 4350 1301 4432 signifieat.
1322 4387 1362 4394 »-
1386 4350 1494 4415 tuml-

371 4458 452 4527 dus.
467 4514 492 4528 ..
509 4482 667 4547 inrupere
684 4466 814 4541 bucone,
828 4468 905 4549 quia
916 4468 1026 4531 buooae
1038 4468 1184 4538 tumidae,
1202 4470 1373 4549 tamquam
1384 4466 1495 4533 vesica
