3917 5475
787 685 896 728 srrrnr
911 683 940 728 v.
960 679 1108 727 raom-129.
1454 657 1509 709 283

387 866 540 928 l'atioani
565 868 597 926 et
621 861 805 943 Montepes.
833 861 918 933 Μ,
939 862 976 921 ut
995 857 1075 920 Hor.
1098 856 1163 921 Sat.
1184 858 1225 920 ΙΙ.
1249 859 1277 931 9,
1300 858 1363 921 31:
1397 856 1509 921 «Unde

389 981 503 1045 datum
534 981 596 1042 hoo
628 977 743 1046 sentis,
775 977 876 1058 lupus
912 975 964 1036 hio
999 973 1174 1036 Tiberinus
1205 993 1249 1035 an
1282 973 1350 1036 alto
1385 971 1509 1053 Captus

389 1097 502 1159 hietP»
525 1131 568 1139 ψ
589 1096 635 1158 iol
654 1089 788 1158 subdite
807 1090 918 1164 rebus,
939 1091 996 1170 qui
1020 1092 1069 1152 tot
1088 1089 1186 1150 rebus
1207 1088 1378 1152 subiectus·
1395 1109 1437 1155 es.
1460 1087 1507 1150 Cf.

388 1212 466 1275 Hor.
490 1208 555 1274 Sat.
576 1210 617 1271 H.
641 1211 669 1282 7,
692 1209 841 1271 75--76ε

508 1368 594 1426 Tune
616 1364 695 1424 mihi
718 1366 872 1433 dominus
894 1381 997 1422 rerum
1020 1366 1159 1439 imperiis
1181 1365 1402 1440 hominumque

507 1484 564 1542 Tot
585 1485 740 1556 tantisque
762 1480 888 1538 minor?

388 1711 427 1717 -—
450 1671 611 1745 uindicta,
631 1670 707 1734 vide
727 1671 960 1734 adnotationes
981 1669 1022 1732 ad
1040 1690 1086 1732 vs.
1102 1669 1163 1732 88:
1189 1669 1378 1733 «Vindicta»
1399 1673 1432 1732 et
1447 1671 1508 1734 75:

393 1810 477 1852 uuna
507 1789 669 1867 Quiritem
696 1787 831 1866 Vertigo
857 1787 965 1848 faoito.
997 1824 1040 1828 —-
1068 1785 1213 1853 arluini.
1235 1787 1420 1849 insolenter
1447 1789 1508 1850 ho(-

386 1907 460 1968 looo
480 1907 697 1984 usurpatum3
717 1900 863 1964 vindicta
885 1902 974 1963 enim
1004 1921 1072 1962 non
1100 1901 1283 1970 dominum.
1305 1903 1362 1964 sed
1382 1903 1508 1965 domini

388 2020 575 2101 imperium,
598 2018 691 2098 quasi
711 2017 805 2078 frena
826 2016 1003 2083 servitutis.
1025 2016 1158 2079 relaxat.

441 2133 683 2197 V.1rt---129.
716 2129 737 2194 l
756 2151 853 2214 peter,
874 2135 912 2194 ut
939 2131 1019 2194 Hor.
1052 2131 1117 2194 Sat.
1139 2133 1163 2194 Ι.
1189 2134 1237 2205 10,
1268 2134 1329 2195 aa:
1363 2133 1396 2194 «Ι
1426 2153 1509 2214 puer

389 2254 488 2331 atque
506 2270 581 2312 meo
601 2250 686 2311 situs
706 2249 774 2310 haeo
795 2247 963 2310 subscribe
981 2248 1128 2310 libello».
1149 2287 1166 2291 --
1180 2287 1193 2292 -
1208 2267 1305 2330 puae
1328 2269 1451 2316 servus.
1471 2253 1509 2310 ut

387 2365 439 2428 lV.
463 2365 522 2428 31:
557 2364 718 2444 «pueris».
740 2402 782 2407 —-
802 2363 972 2449 stripiles.
988 2413 1017 2427 ..
1040 2362 1086 2426 uael
1107 2364 1230 2427 bolano
1249 2362 1351 2445 deser.
1374 2364 1509 2444 strigili-

387 2481 449 2543 bus
468 2479 648 2542 utebantur
667 2480 796 2560 antiqui
816 2481 852 2541 in
870 2479 1010 2554 balneio,
1025 2501 1100 2542 oum
1122 2479 1194 2542 oleo
1212 2500 1247 2541 se
1263 2481 1507 2560 pe1unxissent.

388 2596 429 2660 ad
448 2615 567 2676 eorpus
596 2594 878 2675 destringendum,
901 2616 1002 2676 quare
1031 2597 1116 2658 servi
1146 2596 1290 2675 strigiles
1310 2595 1454 2658 dominis
1473 2596 1509 2656 in

387 2712 507 2777 balnea
536 2715 668 2794 portare
699 2711 859 2774 solebant.
891 2710 936 2775 Cf.
960 2712 1081 2775 Petron
1102 2732 1126 2774 o.
1149 2712 1209 2775 91:
1244 2711 1356 2775 «video
1386 2711 1508 2777 Gitona

386 2830 540 2908 (servum)
560 2849 635 2889 oum
655 2828 769 2889 linteis
790 2832 821 2889 et
842 2828 1042 2908 strigilibus»
1059 2852 1066 2903 ;
1087 2828 1158 2890 luv.
1181 2828 1237 2889 Ill.
1260 2829 1336 2890 961-
1359 2829 1454 2892 nti-3:

721 3028 728 3043 .
752 3031 758 3043 .
781 3034 787 3045 .
811 2986 919 3044 domus
941 2985 1060 3044 interea
1082 3004 1186 3043 secura
1208 2987 1337 3060 patellas

505 3104 574 3162 Iam
595 3103 678 3161 lavat
699 3106 729 3160 et
750 3103 843 3161 buooa
864 3103 999 3160 foculum
1021 3103 1134 3160 excitat
1155 3105 1185 3158 et
1207 3106 1299 3159 sonat
1320 3104 1420 3160 unctis

507 3218 669 3294 Striglibus
691 3222 722 3276 et
743 3220 845 3293 pleno
859 3220 1019 3293 componit
1039 3219 1136 3276 lintea
1157 3220 1257 3291 gutto„

309 3443 311 3446 ·
443 3404 604 3490 Crispini,
619 3427 743 3469 nomen
760 3408 841 3475 eius,
860 3408 913 3487 qui
931 3408 1070 3470 balneas
1087 3407 1269 3470 aedificavit.
1287 3407 1384 3489 Apud
1400 3407 1506 3471 Hora-

385 3524 470 3585 tium
483 3521 560 3599 (Sat.
572 3521 596 3583 I.
614 3523 640 3593 1,
656 3522 735 3597 10203
750 3523 778 3592 3,
796 3522 872 3597 139;
886 3523 916 3591 l.
932 3523 990 3597 143
1004 3522 1044 3584 Π.
1059 3524 1088 3590 7.
1101 3523 1166 3600 45.)
1176 3543 1301 3585 nomen
1313 3523 1506 3603 philosophi

385 3638 499 3717 inepti.
514 3675 558 3680 —
571 3634 610 3701 Si
628 3636 802 3720 inrumpat,
819 3639 890 3699 site
908 3638 961 3700 his
977 3638 1085 3699 verbis
1102 3638 1268 3720 increpuit
1281 3639 1317 3706 is.
1333 3640 1389 3720 qui
1402 3639 1504 3701 domi·

385 3773 449 3814 nus
468 3756 546 3814 tuus
566 3753 628 3815 fuit
648 3756 726 3815 ante
746 3754 1055 3817 manumissionem.
1069 3790 1113 3797 —-
1126 3772 1243 3822 cossus.
1259 3755 1421 3834 imperata
1436 3774 1506 3817 non

385 3867 475 3935 lanis,
498 3869 660 3948 quianon
681 3889 715 3930 es
735 3870 801 3931 iam
820 3890 941 3931 servus.
965 3870 1011 3932 Cf.
1029 3869 1109 3931 Hor.
1127 3870 1186 3949 Ep.
1204 3869 1245 3931 Π.
1266 3872 1295 3936 ⁹2.
1313 3871 1450 3932 remla.
1466 3869 1506 3932 de

386 4002 498 4046 servo:
520 4008 531 4039 u
539 3982 642 4046 semel
659 3985 712 4046 hio
730 3987 878 4056 cessavit,
898 3990 938 4058 et,
953 3990 991 4048 ut
1006 3985 1051 4051 fit.
1067 3986 1107 4048 In
1124 3986 1221 4048 soalis
1237 3985 1336 4048 latuit
1352 3989 1506 4048 metuens

384 4097 562 4178 pendentis
578 4098 758 4169 habenas»,
778 4104 810 4161 et
828 4099 893 4163 Sat.
913 4100 952 4163 H.
973 4103 1002 4167 7.
1023 4103 1104 4165 100:
1129 4121 1290 4182 «nequam
1309 4077 1341 4162 et
1360 4104 1506 4163 oessator

383 4212 526 4275 Davus».
548 4250 592 4256 —
611 4212 790 4277 servitium
810 4235 897 4289 aere,
920 4217 1092 4278 servitium
1112 4216 1240 4278 durum.
1262 4253 1306 4259 —-
1326 4235 1384 4279 ileo
1404 4213 1503 4298 qui·-

383 4346 489 4410 quam
507 4326 720 4394 extrinsecus
738 4329 852 4406 intret,
872 4330 970 4410 Quod
987 4351 1108 4397 ireroos
1125 4330 1239 4418 opitel.
1257 4332 1351 4394 nulla
1371 4335 1505 4394 externa

382 4444 415 4505 vi
435 4447 662 4508 eommoveris.
684 4446 799 4527 Imago
820 4467 839 4509 a
859 4447 937 4509 ludo
957 4458 1015 4510 τῶν
1039 4452 1282 4531 νευροσπάστων,
1309 4467 1373 4528 quo
1402 4448 1503 4509 simn-
