3917 5475
466 705 516 756 ¹⁰2
882 730 993 775 sirmi
1008 733 1030 777 1.
1048 730 1173 780 96-98.

463 910 519 968 tur
535 905 672 984 ignotus
691 907 830 968 fortasse
858 907 925 969 tole
953 908 1034 989 quid
1055 911 1162 974 voluit
1186 912 1315 980 dicere:
1352 919 1438 984 «Nos
1466 923 1590 990 insano

463 1022 552 1089 luxu,
573 1022 793 1084 marmoribus
811 1022 914 1084 Lunae
941 1024 1049 1090 sectis.
1070 1045 1173 1089 unam
1202 1035 1330 1094 eostam
1358 1032 1458 1100 dorso
1477 1039 1589 1122 Apen-

462 1135 535 1198 nini
556 1134 792 1218 dempsimueu.
812 1174 857 1180 —
876 1137 976 1220 lonpo
991 1191 997 1202 .
1013 1189 1039 1202 ..
1062 1139 1253 1223 Apennino,
1276 1149 1363 1227 quia,
1385 1155 1424 1212 ut
1442 1151 1528 1217 Plin
1548 1155 1587 1219 N.

462 1249 505 1313 Η
525 1249 583 1313 IIL
603 1251 656 1314 48.
676 1250 765 1320 dicit
790 1253 1006 1334 aspenninus
1024 1275 1123 1318 mons
1139 1257 1243 1320 Italiae
1264 1263 1495 1344 amplissimus
1514 1291 1589 1351 per·

462 1365 574 1447 petuis
599 1365 688 1446 iugis
711 1367 752 1429 ab
774 1367 915 1449 Alpibus
944 1368 1086 1432 tendens
1115 1371 1156 1434 ad
1185 1371 1334 1438 Siculum
1363 1379 1519 1446 fretum»,
1546 1422 1589 1428 --

461 1477 690 1545 snbdnrimns
717 1501 760 1544 se.
790 1488 918 1545 eostam
945 1485 1133 1566 Apennino.
1163 1495 1202 1550 ut
1230 1489 1286 1553 0v.
1316 1493 1353 1555 rt
1374 1495 1413 1558 A.
1433 1496 1489 1560 m.
1514 1500 1586 1570 ma.

462 1595 520 1658 ubi
538 1597 649 1676 agitur
665 1597 706 1659 de
725 1598 874 1662 luxuria:
906 1599 1000 1662 «Non
1027 1602 1106 1682 quia
1124 1623 1214 1665 nune
1234 1611 1329 1667 terrae
1349 1608 1481 1673 lentum
1501 1613 1586 1678 snb-

462 1709 600 1775 dnoitnr
617 1732 767 1776 aurum».
787 1750 832 1756 —
851 1713 1043 1797 Apennino,
1062 1717 1098 1778 in
1117 1717 1183 1780 fine
1203 1740 1319 1782 versus
1330 1745 1338 1796 ;
1358 1724 1493 1788 ridetur
1511 1728 1587 1792 Per-

463 1827 532 1888 sius
552 1827 793 1908 reprehendere
812 1830 897 1891 velle
914 1851 980 1901 eoo,
1003 1832 1059 1912 qui
1078 1833 1256 1897 mollitiem
1276 1837 1312 1899 in
1332 1840 1486 1905 versibus
1505 1865 1586 1926 pan·

462 1941 580 2024 gendis
591 1942 785 2006 affeetantes
795 1945 1019 2008 abutebantur
1030 1947 1179 2012 versibus
1193 1951 1393 2031 spondiaeis.
1409 1954 1456 2019 Cf.
1472 1957 1584 2036 Quint.

462 2058 543 2121 Inst.
565 2058 618 2122 Or.
639 2059 694 2123 IX.
715 2061 745 2126 4.
767 2062 829 2124 65:
853 2061 932 2123 «Est
948 2062 987 2124 in
1007 2083 1045 2125 eo
1074 2085 1205 2146 quoque
1233 2069 1401 2140 nonnihil,
1424 2073 1514 2152 quod
1534 2075 1586 2137 hic

463 2174 604 2253 singulis
623 2175 732 2238 verbis
755 2175 827 2237 bini
845 2176 948 2257 pedes
967 2180 1192 2250 eontinentur,
1213 2182 1302 2263 quod
1322 2182 1427 2249 eiiam
1447 2187 1483 2249 in
1504 2209 1584 2253 eor-

461 2288 613 2353 minibus
625 2293 672 2354 est
683 2291 856 2374 peremtio,
869 2313 931 2355 nee
951 2293 1069 2365 solum
1083 2294 1140 2357 ubi
1160 2297 1269 2378 quinae
1291 2273 1426 2379 spiiabae
1446 2309 1585 2367 nectun-

462 2411 524 2477 tur,
545 2409 584 2466 ut
611 2407 647 2469 in
672 2408 744 2470 his:
772 2407 966 2492 fortissima
996 2408 1287 2495 Tyndaridamm,
1308 2415 1366 2478 sed
1395 2418 1508 2487 etiam.
1529 2420 1585 2482 ubi

461 2527 639 2603 quatemn
660 2544 735 2586 eum
754 2546 869 2588 versus
892 2526 1059 2589 clauditur
1085 2525 1266 2610 Apennino
1297 2535 1329 2592 et
1357 2536 1584 2600 armamentis

462 2642 495 2699 et
517 2634 673 2703 Orione».

514 2755 550 2818 V.
569 2757 710 2821 iio—98.
731 2756 841 2821 Arme
864 2758 976 2822 oimm
997 2794 1041 2802 —
1060 2778 1172 2824 nonne
1192 2757 1253 2824 hoo
1272 2782 1474 2845 spumosum
1503 2771 1582 2841 ete.;

461 2870 644 2934 admirator
670 2878 844 2953 poetarum
872 2875 1066 2941 recentium.
1097 2876 1153 2956 qui
1178 2876 1216 2938 in
1244 2876 1450 2943 carminibus
1478 2882 1583 2944 tribus

461 3008 562 3069 supra
581 2990 775 3051 memoratis
794 3010 960 3053 summam
979 3011 1095 3053 versus
1115 2992 1260 3055 faciendi
1280 2998 1387 3057 artem
1406 2995 1530 3071 laudat,
1545 3017 1583 3059 eo

461 3103 616 3166 amentia
635 3106 838 3185 provehitur,
859 3110 897 3168 ut
917 3107 1019 3168 etiam
1037 3107 1175 3197 Vergilii
1194 3129 1310 3171 versus
1339 3110 1582 3191 reprehendere

461 3218 591 3283 audeat.
604 3258 648 3262 —
661 3219 770 3285 Arme
792 3221 913 3301 vinnm,
932 3223 1074 3297 Aeneis;
1094 3224 1204 3304 prima
1219 3224 1387 3288 Aeneidos
1406 3226 1507 3289 verba
1523 3247 1581 3309 pro

460 3335 617 3408 Aeneide,
638 3339 676 3398 ut
696 3357 795 3420 supra
814 3336 1037 3422 Berecyntius
1059 3338 1147 3403 Attis
1177 3343 1234 3417 (vs,
1256 3342 1321 3411 93.)
1341 3345 1401 3403 ete.
1422 3362 1484 3423 pro
1504 3343 1581 3405 titu-

460 3451 501 3514 lis
521 3452 716 3515 carminum.
745 3489 789 3496 —
815 3471 1024 3536 spumosum,
1053 3455 1225 3536 epitheton
1256 3455 1298 3518 ad
1324 3457 1460 3521 ramale
1489 3461 1582 3522 vetus

459 3571 516 3647 (vs,
539 3570 603 3647 97.)
622 3570 802 3649 pertinens.
825 3591 925 3632 sensu
954 3570 1135 3634 translato:
1165 3590 1343 3654 nspernm;
1369 3593 1449 3635 nam
1469 3594 1581 3656 super·
1677 3567 1681 3573 ⁵

459 3684 550 3746 ficies
563 3685 647 3746 rami
661 3686 781 3747 veteris
801 3706 870 3748 non
891 3690 940 3748 est
959 3686 1051 3760 levia,
1067 3687 1181 3766 quales
1201 3687 1340 3749 novellae
1354 3688 1489 3751 arbores
1510 3708 1582 3751 esse

461 3800 578 3868 soient⁴
601 3800 658 3862 aed
682 3801 854 3864 tuberibus
882 3803 1023 3870 eortioia
1044 3807 1082 3865 ut
1110 3823 1196 3884 aqna
1221 3805 1359 3885 spumis,
1381 3805 1581 3884 exturgeseit

460 3918 494 3977 et
513 3915 553 3977 ob
574 3916 659 3977 hana
684 3937 818 3979 eausam
847 3939 964 4000 aspera
994 3923 1052 3981 est.
1081 3894 1127 3962 ’-
1157 3918 1279 3983 eortiee
1306 3918 1440 4005 pinnen,
1459 3921 1581 3983 eortiee

460 4050 592 4106 oraeso;
621 4030 695 4093 vide
716 4031 968 4097 adnotationem
997 4034 1038 4097 ad
1066 4056 1111 4097 va
1135 4055 1179 4116 sq.
1201 4072 1245 4077 —
1270 4032 1311 4099 Ui
1333 4034 1468 4098 remote
1487 4038 1581 4099 oeins

458 4144 623 4230 reprendi
642 4146 762 4212 snbere
781 4153 922 4229 oooinm,
935 4155 972 4213 ut
993 4150 1120 4213 suberis
1139 4156 1233 4213 vetus
1253 4170 1376 4223 ramae,
1391 4169 1490 4231 quem
1511 4169 1580 4212 eor-

459 4266 513 4323 tex
540 4261 628 4323 male
656 4261 791 4341 grandis
818 4264 948 4326 aridum
968 4267 1054 4328 feeit.
1086 4264 1191 4329 Suber
1220 4265 1378 4349 (querens
1404 4264 1508 4328 saber
1527 4262 1581 4345 L.)

460 4377 559 4444 enim,
582 4377 609 4438 si
629 4381 741 4439 cortex
760 4380 831 4442 eius
851 4384 940 4441 certo
969 4386 1118 4462 tempore
1148 4402 1217 4443 non
1246 4381 1440 4449 detrahitur,
1463 4400 1579 4443 eneca-

458 4497 530 4569 tur;
552 4496 590 4557 ef.
612 4493 695 4557 Plin.
717 4494 753 4557 N.
775 4495 816 4558 H.
837 4494 937 4558 XVII.
960 4496 1043 4557 ⁶234:
1069 4496 1251 4574 «(Arbores)
1270 4497 1389 4558 eortioe
1410 4497 1446 4558 in
1466 4497 1579 4558 orbem
