3917 5475
753 669 862 712 sarim
876 673 900 714 1.
917 669 1043 717 88—91.
1432 660 1468 712 97

343 843 413 906 luv.
435 843 477 906 IL
499 843 560 906 21:
590 844 677 926 «Ego
702 848 734 908 te
763 851 941 928 emeritam,
971 848 1077 921 Sexte,
1098 854 1276 920 veraborlr
1308 856 1362 921 VI.
1381 859 1467 924 329:

347 958 441 1039 «Ipsa
460 958 653 1022 Medullinae
671 959 811 1023 fluctum
830 962 992 1029 crisantis
1011 965 1157 1031 adorat».

393 1075 431 1137 V.
454 1076 595 1139 88—91.
616 1075 695 1140 Mart
714 1076 873 1143 moreat?
901 1082 1039 1162 supple:
1068 1084 1145 1146 talis
1165 1090 1284 1150 orator.
1315 1087 1362 1153 Of.
1382 1089 1464 1155 Hor.

342 1188 408 1254 Sat.
430 1191 455 1253 L
480 1191 529 1259 10,
551 1179 613 1256 78:
637 1192 734 1256 «Men
753 1200 886 1258 moveat
902 1197 1008 1260 cimex
1027 1198 1234 1264 Pantiliusi»
1263 1240 1307 1247 —
1335 1201 1465 1290 Quippe

340 1308 371 1371 al
400 1308 511 1372 coutet
529 1308 559 1371 sl
577 1308 785 1394 'tranfrapua
813 1330 927 1376 ossam
954 1311 1193 1380 Protrrlerr'rrti
1221 1315 1255 1380 Si
1283 1322 1465 1404 naufragus

338 1423 537 1486 mendicans
557 1444 670 1487 nasum
690 1446 788 1488 suum
811 1448 881 1490 non
908 1428 1018 1491 verbis
1047 1431 1263 1512 simplioibus,
1286 1434 1344 1497 sed
1364 1437 1464 1500 artifi-

338 1541 431 1603 eioso
451 1543 552 1602 oantu
580 1546 740 1616 narraret,
762 1563 871 1607 assem
892 1545 1011 1608 sinon
1041 1545 1164 1610 darem.
1196 1546 1355 1613 Solebant
1374 1553 1463 1616 enim

337 1655 431 1738 apud
462 1657 618 1739 antiquos
648 1659 803 1740 naufragi
829 1659 1041 1735 mendicare3
1073 1662 1111 1724 of.
1138 1662 1210 1725 Juv.
1236 1663 1320 1728 XIV.
1354 1667 1464 1731 301-

338 1773 424 1838 302:
450 1771 579 1837 «Mersa
597 1778 668 1837 rate
687 1777 868 1857 naufragus
889 1796 998 1839 assem
1026 1777 1115 1840 Dum
1144 1783 1268 1860 rogat».
1289 1818 1334 1826 —
1351 1782 1465 1867 sraela

341 1893 371 1953 te
388 1888 427 1952 in
446 1889 545 1953 trabe
559 1889 692 1974 pletura
716 1888 772 1955 Ex
799 1910 917 1956 umero
940 1896 1069 1975 portes,
1089 1895 1128 1957 ef.
1149 1894 1202 1958 VL
1225 1896 1374 1963 33-34:
1404 1919 1464 1962 «ne

338 2006 449 2087 pietus
479 2005 611 2068 oberret
633 2005 780 2070 Caerulea
807 2009 844 2070 in
872 2008 1019 2072 tabula».
1049 2009 1206 2090 Naufragi
1233 2011 1464 2078 mendicantes

340 2121 490 2184 tabulam
511 2141 623 2184 seeum
638 2123 826 2204 portabant,
837 2124 874 2186 in
887 2144 952 2205 qua
967 2125 1180 2204 naufragium
1198 2130 1270 2189 erat
1284 2127 1395 2210 depiot
1455 2178 1462 2192 .

341 2235 387 2301 Of.
409 2236 483 2300 Juv.
505 2236 590 2301 XIV.
613 2239 807 2304 301—3022

682 2424 854 2465 ...mersa
874 2410 940 2465 rate
962 2407 1129 2482 naufragus
1152 2428 1251 2468 assem

502 2521 586 2581 Dum
606 2526 694 2598 rogat
715 2525 746 2580 et
767 2525 850 2598 pieta
871 2543 903 2581 se
925 2527 1107 2599 tempestate
1129 2528 1248 2597 tuetur;
1379 2586 1382 2592 ,

341 2711 468 2775 Phaedr.
490 2711 544 2776 IV,
573 2713 625 2787 fl,
655 2713 805 2777 ra-as:
839 2713 958 2777 «ceteri
989 2714 1164 2795 (naufragi)
1178 2707 1340 2778 ‘tabulam
1368 2735 1463 2779 suam

338 2832 476 2910 portant
494 2827 664 2911 Rogantes
685 2831 842 2894 vietum».
863 2829 971 2893 Verba
990 2830 1110 2912 igitur:
1130 2828 1243 2913 (rateto
1263 2833 1293 2894 la
1311 2829 1349 2894 r‘rr
1369 2831 1463 2895 trabe

333 2943 468 3027 pictum
485 2944 712 3027 intellegenda
741 2950 820 3009 sunt
838 2945 879 3008 de
898 2945 1021 3019 tabula,
1042 2947 1079 3007 in
1107 2965 1171 3026 qua
1189 2946 1371 3026 naufragus
1390 2946 1462 3027 ipse

340 3064 411 3122 erat
430 3060 583 3140 depictus
601 3062 638 3124 in
656 3082 741 3125 nave
767 3064 870 3124 fracta
899 3065 933 3124 et
960 3062 1113 3123 iam-iam
1141 3059 1300 3122 demersa.
1320 3097 1365 3104 -
1382 3062 1461 3146 fru-

340 3176 412 3241 oto.
429 3225 458 3239 ..
480 3178 518 3241 r'rr
538 3179 692 3261 trabam
711 3199 796 3242 nave
817 3181 938 3253 fraeta;
960 3175 1054 3241 trabs
1073 3196 1132 3257 pro
1144 3195 1238 3249 nave,
1253 3180 1291 3237 ut
1301 3174 1338 3239 V.
1357 3178 1464 3241 141-

343 3292 424 3356 lm:
461 3293 575 3358 «trube
604 3299 698 3358 vasta
724 3295 881 3375 Aegaeum
909 3292 1051 3374 rapias»,
1080 3290 1134 3354 VI.
1164 3290 1315 3355 27-28:
1350 3292 1463 3357 «trube

339 3413 438 3490 rupta
456 3409 587 3473 Bruttia
607 3430 685 3474 saxa
704 3409 840 3473 Prendit
859 3410 986 3472 amicus
1005 3410 1135 3488 inops».
1150 3404 1197 3469 df,
1210 3405 1290 3469 Hor.
1312 3406 1418 3471 Carm.
1436 3409 1461 3472 I.

343 3526 368 3598 1,
394 3525 543 3589 13-14:
568 3530 623 3588 «ut
643 3526 737 3590 trabe
756 3524 876 3606 Cypria
895 3524 1064 3605 Myrtoum
1092 3521 1232 3605 pavidus
1251 3526 1354 3585 nauta
1374 3529 1463 3587 seoet

338 3662 464 3704 mare»,
484 3679 530 3685 —
549 3661 590 3706 arr
607 3660 725 3706 urrero
733 3645 860 3725 portes,
873 3642 929 3714 ita.
943 3642 981 3702 ut
1000 3638 1114 3702 tabula
1126 3657 1241 3700 umero
1255 3635 1460 3720 dependeat;

339 3760 378 3821 of.
399 3757 497 3839 Verg.
517 3758 598 3821 Aen.
619 3757 672 3820 VL
695 3758 778 3821 301:
804 3758 868 3819 «Ex
886 3757 1012 3819 umeris
1032 3753 1199 3835 dependet
1226 3754 1398 3817 amiotus».
1419 3791 1463 3798 —

345 3874 471 3939 Verum
490 3894 550 3939 uec
568 3875 663 3938 uerte
680 3877 844 3957 paratum
863 3870 1029 3952 Florebat,
1059 3871 1119 3955 qul
1148 3890 1200 3935 rue
1227 3868 1314 3933 volat
1341 3869 1461 3934 tricur-

337 4010 439 4056 uusse
468 3992 618 4075 quarela,
645 3991 798 4053 imitatur
820 3989 952 4053 Horatii
982 3990 1185 4052 sententiam
1213 3987 1260 4065 (A.
1290 3985 1323 4049 P.
1353 3986 1464 4050 202—

338 4108 435 4185 aba:
465 4108 512 4169 «si
531 4108 581 4170 vis
600 4128 654 4170 me
673 4106 762 4181 flere,
784 4106 965 4169 dolendum
986 4109 1036 4167 est
1055 4104 1203 4167 Primum
1222 4102 1288 4183 ipsi
1307 4101 1399 4164 tibi».
1419 4138 1464 4145 -

337 4242 475 4289 riarum.
493 4276 499 4287 .
517 4275 524 4287 .
540 4220 706 4306 plorabit,
733 4241 794 4303 pro
822 4239 898 4285 rere
921 4220 1088 4303 plorabit,
1114 4223 1153 4281 ut
1179 4217 1235 4281 Ov.
1265 4217 1358 4280 Rem.
1381 4218 1463 4280 639:

344 4338 446 4403 «flens
466 4340 626 4403 ancillula
649 4338 811 4422 ficlom»;
837 4337 975 4399 verbum
1004 4336 1255 4399 intransitivum
1274 4354 1350 4396 oum
1370 4352 1462 4395 aeau-

341 4458 447 4520 sativo
466 4458 630 4529 iunctum,
651 4455 731 4517 utI.
757 4455 815 4517 11:
850 4474 943 4516 reum
964 4453 1113 4533 sapimus
1143 4454 1311 4533 patruos».
1334 4448 1358 4510 Ι.
1382 4448 1462 4511 106;

391 4598 529 4649 nonant:
543 4598 568 4639 a
586 4596 664 4639 Peras
677 4596 762 4638 nacci
776 4595 868 4637 saura
1360 4571 1374 4621 7
