3917 5475
874 1330 1102 1461 simun
1128 1382 1218 1465 111.

535 1679 679 1761 «Nempe
699 1681 768 1742 haec
788 1679 934 1743 adsidue.
955 1679 1027 1743 Iam
1047 1681 1173 1743 clarum
1191 1703 1290 1745 mane
1311 1685 1474 1747 fenestras

530 1794 638 1858 Intrat
658 1798 690 1856 et
710 1797 868 1874 angustas
889 1794 1036 1857 extendit
1055 1796 1182 1858 lumine
1202 1797 1314 1860 rimas.

533 1909 719 1982 Stertimus
740 1910 942 1972 indomitum
962 1910 1051 1992 quod
1070 1910 1268 1992 despumare
1287 1912 1469 1976 Falernum

530 2025 689 2093 Sufficiat.
708 2026 824 2106 quinta
843 2025 923 2087 dum
943 2026 1033 2089 linea
1052 2027 1201 2107 tangitur
1219 2028 1345 2091 umbra.

528 2144 580 2206 En
600 2142 679 2223 quid
699 2144 795 2223 agis?
814 2141 924 2206 Siccae
943 2144 1064 2207 insana
1083 2145 1234 2207 canicule
1253 2165 1379 2209 messes

528 2259 600 2322 Iam
619 2257 744 2321 dudum
764 2260 875 2339 coquit
895 2263 927 2321 et
946 2260 1061 2342 patula
1080 2280 1181 2342 pecus
1201 2280 1300 2324 omne
1321 2262 1380 2323 sub
1400 2263 1491 2324 ulmo
1513 2266 1582 2325 est»

528 2375 624 2439 Unus
644 2375 691 2437 ait
710 2376 879 2438 comitum.
900 2413 943 2418 —
968 2375 1177 2439 «Verumnel
1195 2376 1295 2441 Itan?
1314 2377 1414 2441 Ocius
1435 2376 1521 2441 adsit

527 2490 603 2553 Huc
623 2492 751 2572 aliquis.
773 2492 943 2554 Nemone»
968 2492 1127 2572 turgescit
1146 2493 1251 2555 vitrea
1270 2493 1356 2567 bilis,

533 2606 706 2673 «Findere.
727 2611 765 2668 ut
782 2604 930 2669 Arcadia
949 2608 1105 2688 pecuaria
1124 2605 1242 2669 rudere
1262 2607 1385 2672 credas.

530 2722 603 2786 Iam
623 2722 706 2784 liber
726 2726 758 2784 et
776 2723 896 2805 positis
915 2722 1042 2785 bicolor
1061 2724 1255 2787 membrana
1276 2724 1404 2805 capillis

527 2838 633 2918 Inque
653 2859 773 2900 manus
794 2839 915 2900 chartae
935 2839 1128 2920 nodosaque
1147 2841 1239 2903 venit
1258 2839 1420 2903 harundo.

528 2954 620 3016 Tunc
639 2954 816 3034 querimur.
839 2973 969 3016 crassus
990 2954 1117 3016 calamo
1138 2954 1226 3036 quod
1244 2955 1389 3037 pendeat·
1408 2975 1513 3019 umor.

529 3069 629 3149 Nigra
650 3068 707 3132 sed
725 3070 838 3132 inlusa
857 3071 1005 3132 vanescit
1026 3071 1118 3151 sepia
1135 3071 1289 3152 lympha:

526 3187 666 3255 Dilutas.
688 3188 866 3269 querimur,
888 3188 1036 3267 geminet
1055 3187 1143 3269 quod
1160 3186 1272 3250 fistula
1292 3191 1411 3268 guttas.

532 3303 576 3366 «O
596 3304 699 3365 miser
716 3304 818 3384 inque
838 3302 909 3365 dies
927 3304 1016 3366 ultra
1036 3305 1145 3377 miser,
1168 3304 1289 3366 hucine
1309 3324 1419 3366 rerum

527 3418 715 3482 Venimus?
732 3418 769 3485 A.
791 3439 850 3482 cur
867 3438 938 3481 non
956 3419 1069 3500 potius
1088 3421 1270 3500 teneroque
1290 3420 1443 3483 columbo

526 3535 569 3596 Et
589 3535 708 3598 similis
727 3555 843 3615 regum
861 3535 975 3615 pueris
994 3555 1140 3617 pappare
1159 3536 1328 3597 minutum

527 3651 640 3714 Poscis
660 3656 692 3713 et
710 3651 816 3713 iratus
836 3671 990 3712 mammae
1010 3651 1125 3713 lallare
1145 3656 1318 3714 recusam»

576 3767 645 3828 «An
661 3767 721 3828 tali
742 3765 894 3828 studeam
913 3767 1082 3829 calamon·
1174 3764 1253 3828 «Cui
1271 3765 1395 3853 rerba?
1415 3764 1501 3845 Quid
1520 3764 1605 3830 istas

527 3879 676 3945 Succinis
697 3881 877 3962 ambages?
895 3881 967 3943 Tibi
987 3880 1120 3944 luditur.
1141 3879 1260 3942 Effluis
1280 3901 1404 3955 amens,

527 3995 766 4060 Contemnere:
788 4000 886 4059 sonat
904 3998 1025 4085 vitium
1043 4015 1208 4077 percussa,
1230 3997 1376 4077 maligne

525 4112 718 4193 Respondet
737 4112 835 4175 viridi
853 4132 924 4174 non
944 4116 1036 4175 cocta
1054 4111 1166 4175 fidelia
1185 4112 1276 4175 limo.

525 4227 636 4293 Udum
656 4231 688 4290 et
707 4228 808 4290 molle
827 4229 936 4291 lutum
956 4249 1000 4292 es.
1018 4249 1108 4291 nunc
1126 4249 1217 4291 nunc
1235 4228 1464 4312 properandus
1484 4233 1516 4292 et
1537 4230 1606 4292 aori

524 4344 718 4425 Fingendus
738 4345 810 4407 sine
828 4343 894 4406 fine
914 4348 996 4407 rota.
1018 4342 1082 4408 Sed
1101 4365 1176 4408 rure
1195 4349 1335 4427 paterno

435 4487 464 4527 11
525 4462 584 4525 Est
603 4458 665 4524 tibi
684 4463 734 4525 far
752 4460 930 4527 modicum.
951 4481 1074 4543 purum
1095 4464 1126 4523 et
1146 4462 1217 4524 sine
1237 4460 1311 4523 labe
1332 4461 1478 4522 salinum
1496 4495 1540 4503 —
