3917 5475
483 705 517 755 50
909 720 1072 765 Paonoeus
1088 718 1175 764 4—7.

488 900 691 967 «Floribiles.
725 918 956 979 quamcunque
991 898 1028 959 in
1055 901 1185 979 partem
1214 895 1368 957 ducimur
1396 916 1414 957 a
1442 868 1602 975 principe.

485 1021 592 1097 atque,
621 1019 660 1077 ut
686 1015 734 1076 ita
762 1013 880 1080 dicam,
910 1030 1071 1095 seqnoces
1102 1031 1257 1087 sumus»;
1290 1009 1355 1073 Cic.
1387 1010 1436 1072 De
1468 1030 1514 1073 or.
1547 1010 1603 1071 ΙΙΙ.

484 1134 546 1195 45:
570 1132 678 1193 «Nihil
704 1135 754 1192 est
777 1134 847 1192 tam
864 1128 1015 1213 flexibile
1034 1148 1143 1210 neque
1164 1126 1253 1209 quod
1271 1131 1340 1189 tam
1361 1127 1456 1189 facile
1478 1144 1604 1209 sequu-

485 1252 550 1326 Iur,
572 1267 770 1329 quocunque
789 1245 900 1316 ducas,
931 1265 1032 1326 quam
1061 1245 1198 1307 oratio».
1220 1281 1264 1287 —
1284 1243 1531 1327 semipoyonns
1552 1239 1605 1303 Ad

485 1382 587 1427 suero
619 1365 737 1426 votum
768 1379 904 1425 οανινιοιι
941 1358 1058 1445 adfero
1090 1362 1258 1437 ιιουιινιαι,
1288 1359 1410 1440 pagani
1439 1356 1604 1420 dicuntur.

486 1480 541 1559 qui
562 1477 713 1540 eiusdem
732 1477 810 1558 pagi
830 1480 929 1552 sunt3
950 1476 1072 1556 pagani
1094 1480 1206 1537 autem
1227 1474 1419 1536 communia
1438 1472 1606 1535 habebant

486 1612 587 1660 sacra.
608 1592 649 1654 de
669 1592 789 1673 quibus
809 1591 866 1654 Ον.
887 1591 976 1654 Fast.
998 1591 1022 1654 I.
1045 1592 1239 1655 coe—670:

645 1750 744 1824 Pagus
766 1752 836 1824 agat
857 1750 989 1806 festum:
1011 1768 1125 1824 pagum
1146 1748 1284 1817 lustrate,
1307 1747 1418 1816 coloni,

686 1864 726 1923 Et
747 1865 817 1922 date
839 1866 969 1940 paganis
993 1883 1097 1921 annua
1117 1862 1180 1921 h'ba
1200 1863 1277 1921 focis

488 2050 520 2107 et
538 2045 625 2107 Dion
645 2045 752 2107 Helio.
774 2044 826 2107 IV.
852 2046 909 2108 15:
934 2042 1000 2107 Ἵνα
1024 2044 1057 2107 δὲ
1081 2034 1270 2107 καὶτούτων
1290 2049 1358 2119 (τῶν
1388 2042 1607 2105 συντελούντων

488 2159 531 2234 εἰς
550 2166 600 2225 τὸν
618 2157 709 2225 αὐτὸν
725 2159 866 2247 urimur}
886 2163 1007 2246 πληθύς
1026 2165 1067 2246 μὴ
1089 2160 1279 2242 δυσεύρετος,
1303 2156 1370 2221 ἀλλ’
1392 2154 1567 2239 εὐλόγιστος
1588 2154 1608 2241 ᾗ

486 2280 539 2340 καὶ
559 2280 688 2364 φανερά,
715 2278 835 2362 βωμοὺς
865 2274 1011 2340 ἐκέλευσε
1042 2272 1145 2348 αὐτοῖς
1178 2272 1366 2357 ἱδρύσασθαι
1385 2276 1467 2336 θεῶν
1487 2271 1608 2336 ἐπισκό-

443 2443 450 2451 .
486 2414 548 2455 πων
567 2414 600 2454 τε
619 2395 673 2455 uni
694 2394 838 2480 ceddren
858 2401 910 2456 τοῦ
931 2393 1045 2474 πάγου,
1069 2390 1120 2463 οὓς
1141 2390 1229 2463 ἐ’ταξε
1258 2393 1382 2462 θυσίαις
1412 2400 1530 2462 κοιναῖς
1560 2412 1608 2469 γε·

487 2513 603 2591 parpes
627 2507 701 2571 καθ’
723 2506 853 2571 ἕκαστον
873 2507 1009 2572 ἐνιαυτὸν
1035 2506 1099 2594 ἅμα
1124 2510 1365 2591 συνερχομένους
1395 2502 1503 2591 ἑορτήν
1530 2528 1607 2577 τινα,

486 2627 539 2688 καὶ
557 2625 669 2707 ταύτην
690 2620 802 2695 ἐντοῖς
830 2629 907 2687 πάνυ
935 2628 1045 2708 τιμίαν,
1079 2626 1354 2707 καταστησάμενος
1374 2624 1412 2683 τὰ
1431 2622 1609 2705 καλούμενα

490 2740 675 2823 Παγανάλια
695 2744 748 2804 roi
767 2746 877 2826 νόμους
892 2736 965 2824 ὑπὲρ
981 2751 1038 2803 τῶν
1061 2736 1147 2823 ἱερῶν
1166 2743 1286 2814 τούτων,
1302 2736 1354 2824 οὓς
1375 2737 1419 2802 ἔτι
1438 2737 1490 2801 διὰ
1511 2740 1607 2826 φυλα-

487 2868 544 2942 κῆς
565 2855 672 2942 ἔχουσι
692 2855 848 2941 Ῥωμαῖοι,
872 2861 1067 2940 συνέγραψεν.
1092 2857 1225 2918 Persius
1245 2856 1346 2935 igiuur
1366 2875 1400 2916 se
1421 2855 1608 2934 semipaga-

488 2993 569 3035 num
589 2971 631 3035 ad
657 2993 749 3035 sacra
776 2976 890 3036 vatum
919 2972 1073 3034 accedere
1101 2971 1175 3033 idco
1207 2971 1295 3044 dion,
1329 2972 1407 3052 quia
1436 2991 1471 3033 se
1492 2974 1608 3052 ¹ictum

488 3107 572 3167 pago
586 3091 761 3168 poetarum
774 3089 993 3150 adnumerare
1005 3109 1074 3150 non
1088 3087 1196 3162 audet,
1212 3108 1247 3150 se
1260 3108 1375 3149 verum
1387 3089 1521 3167 poetam
1536 3105 1609 3149 esse

488 3223 557 3264 non
577 3202 729 3266 affirmat.
753 3204 861 3282 Quare
881 3203 1127 3288 semipoqcuos
1148 3204 1210 3265 hoo
1229 3204 1301 3265 loco
1314 3201 1404 3264 idem
1418 3203 1485 3263 fere
1506 3202 1608 3282 signi-

488 3317 572 3391 ficat,
594 3319 681 3398 quod
700 3321 893 3403 semicocta,
911 3319 1122 3400 Hungarice:
1147 3340 1184 3381 «a
1202 3319 1317 3381 kolrek
1336 3319 1413 3380 ken
1433 3317 1510 3380 csak
1531 3317 1609 3396 fe'lig

489 3433 667 3501 oadhbeli».
690 3435 906 3499 Germanice:
932 3456 1014 3497 «nur
1034 3436 1088 3497 ein
1109 3435 1224 3497 halber
1247 3433 1490 3514 Zunfrgenosse
1509 3436 1610 3494 unser

489 3549 554 3611 den
572 3548 764 3614 Dichtcm».
791 3550 984 3633 Seuripcetu
1004 3555 1115 3613 susem
1145 3553 1232 3612 reete
1261 3548 1326 3611 dici
1356 3552 1464 3630 podest
1492 3548 1609 3610 satira-

489 3685 563 3726 rum
583 3668 731 3748 scriptor.
754 3670 831 3749 quia
860 3669 961 3729 satira
991 3671 1040 3728 est
1060 3667 1286 3728 humillimum
1315 3685 1455 3746 poeseos
1484 3684 1608 3744 genus:

490 3791 539 3852 cf..
561 3804 632 3864 quse
656 3783 817 3845 Horatius
847 3781 912 3845 Sat.
934 3782 957 3845 Ι.
979 3784 1009 3848 d.
1032 3783 1172 3844 159-de.
1203 3781 1283 3843 dicit
1302 3780 1342 3843 de
1363 3801 1397 3842 se
1418 3782 1450 3841 οι
1470 3778 1510 3841 de
1530 3779 1610 3841 sati-

490 3905 535 3965 ris
556 3900 644 3961 suis:

610 4039 748 4096 Primum
771 4056 825 4110 ego
847 4055 896 4093 me
918 4037 1050 4105 illorum,
1073 4036 1210 4095 dederim
1232 4035 1340 4111 quibus
1363 4053 1428 4093 esse
1450 4035 1559 4109 poetis,

610 4153 781 4228 Excerpam
802 4171 952 4210 numero:
974 4171 1073 4227 neque
1097 4153 1180 4209 enim
1203 4149 1382 4209 concludere
1404 4169 1526 4207 versum

610 4270 732 4328 Dixeris
755 4288 820 4327 esse
843 4269 933 4339 satis;
957 4289 1056 4344 neque
1079 4271 1105 4326 si
1128 4270 1179 4344 qui
1201 4267 1323 4337 scribat,
1344 4268 1390 4324 uu
1411 4286 1478 4334 noe,

612 4385 754 4443 Sermoni
775 4385 928 4459 propiora,
949 4388 1037 4459 putes
1059 4385 1141 4442 hunc
1163 4403 1228 4441 esse
1249 4386 1381 4458 poetam.
