3917 5475
748 683 858 727 ΒΔΤΙΒΑ
873 686 894 729 1.
914 681 1070 729 raa-125.
1424 663 1474 717 117

342 863 446 944 legat,
465 864 522 943 qui
540 862 773 924 celeberrimos
792 860 962 924 comoedia
982 861 1099 924 Atlioae
1121 863 1266 944 antiquae
1287 863 1474 944 scriptores.

342 977 532 1045 Cratinum.
557 975 757 1057 Eupolidem
777 980 810 1038 et
827 976 1098 1056 Aristophanem.
1125 997 1267 1057 quorum
1285 976 1475 1041 libertatem

345 1094 451 1157 satira
470 1092 622 1154 Romana
642 1091 802 1158 imitatur,
825 1111 864 1153 ea
880 1111 945 1172 qua
964 1111 1026 1170 par
1047 1094 1098 1152 est
1118 1111 1196 1153 cura
1214 1091 1304 1172 legit
1325 1091 1476 1174 Respicit

343 1208 480 1273 Horatii
501 1207 601 1268 verba
619 1204 699 1283 (Sat.
720 1205 744 1268 I.
766 1207 796 1272 r.
820 1206 845 1266 l·
876 1207 948 1268 lul:

468 1417 596 1492 Eupolis
620 1420 710 1491 atque
733 1416 877 1475 Cratinus
901 1415 1184 1491 Aristophanesque
1206 1417 1303 1491 poetar
1352 1428 1358 1437 ·

468 1534 570 1609 Atque
593 1531 654 1601 alii,
678 1550 806 1606 quorum
830 1529 980 1589 comoedia
1003 1530 1104 1605 prisca
1124 1532 1262 1589 virorum
1284 1533 1339 1600 est,

470 1648 503 1708 Si
526 1651 594 1724 quis
617 1650 685 1706 erat
705 1647 816 1720 dignus
837 1645 979 1715 describi,
1003 1644 1083 1720 quod
1105 1645 1203 1703 malus
1226 1663 1260 1703 ac
1281 1645 1338 1717 fur,

471 1762 559 1836 Quod
580 1762 716 1820 moechus
738 1763 818 1820 foret
840 1763 892 1819 aut
913 1761 1039 1818 sicarius
1062 1763 1114 1818 aut
1136 1760 1250 1836 alioqui

468 1879 630 1948 Famosus,
652 1877 750 1935 multa
772 1896 840 1935 cum
861 1876 1003 1934 libertate
1024 1875 1184 1935 notabant.

468 1995 553 2055 Hinc
575 1995 676 2051 omnis
696 1990 811 2067 pendet
831 1992 1038 2049 Lucilius...

348 2303 392 2310 -
411 2260 540 2326 calduci
558 2313 564 2325 .
583 2312 616 2324 ..
639 2257 791 2335 Gratiae,
821 2257 995 2322 Cratinum
1027 2259 1189 2322 audacem
1216 2263 1320 2334 vocat,
1342 2263 1421 2344 quia
1439 2263 1476 2325 in

349 2377 522 2443 comoediis
542 2376 612 2439 suis
630 2377 719 2438 viros
746 2375 1008 2457 potentissimos.
1039 2375 1152 2454 ipsum
1177 2376 1278 2439 etiam
1301 2374 1472 2449 Periclem,

350 2492 565 2558 contumeliis
585 2490 719 2572 aggredi
738 2510 839 2553 ausus
860 2494 918 2553 est.
940 2489 988 2554 Cf.
1010 2490 1095 2553 Plut.
1118 2490 1233 2553 Pericl.
1256 2491 1285 2554 3.
1308 2494 1341 2554 et
1359 2493 1411 2555 tl.
1429 2529 1473 2538 -

350 2608 488 2693 adflate,
507 2606 660 2673 adflatus⁴
681 2612 720 2668 ut
736 2610 830 2668 vates
850 2605 962 2668 divino
983 2606 1123 2668 numine
1141 2605 1256 2668 adflari
1277 2607 1404 2683 solent3
1422 2609 1473 2669 in-

350 2725 552 2790 flammatus.
585 2721 632 2785 Cf.
663 2721 758 2802 Verg.
791 2721 872 2784 Aen
904 2720 957 2784 VI.
990 2721 1051 2786 50:
1086 2719 1227 2785 «adflate
1256 2725 1306 2785 est
1333 2723 1473 2786 numine

349 2841 482 2924 quando
505 2839 579 2902 Iam
598 2838 753 2919 propiore
772 2836 857 2900 dei».
883 2833 1031 2919 Addaia,
1049 2838 1220 2901 vocativus
1240 2858 1299 2918 pro
1319 2839 1473 2901 nomina-

348 2957 426 3025 tivo.
447 2958 487 3018 ut
505 2953 562 3017 ΙΠ.
584 2954 734 3016 28—29:
759 2950 960 3015 «Stemmate
979 2952 1068 3033 quod
1088 2952 1193 3014 'Prisco
1213 2973 1344 3016 ramum
1363 2953 1472 3017 milla-

348 3072 435 3137 sime
454 3071 549 3133 ducis
565 3069 785 3132 Censoremve
804 3073 899 3130 tuum
912 3067 964 3129 vel
985 3067 1073 3148 quod
1089 3068 1237 3132 trooeoo
1258 3068 1412 3132 solutae.»
1429 3105 1473 3113 —

349 3185 483 3251 Iratum
504 3182 720 3268 Eupolidem,
740 3185 827 3264 quia,
848 3188 886 3245 ut
904 3183 1070 3263 Anonym.
1092 3183 1131 3245 de
1151 3204 1234 3247 corn.
1256 3205 1286 3265 p.
1308 3186 1360 3249 ll).
1382 3185 1470 3259 dicit,

348 3303 448 3388 ζηλῶν
467 3300 622 3383 Κρατῖνον
638 3301 713 3364 πολύ
732 3322 766 3379 γε
786 3298 926 3381 λοίδορον
946 3296 1104 3387 ἐπιφαίνει.
1121 3300 1376 3385 —proeqraadi
1394 3320 1472 3364 cum

349 3437 437 3493 selle,
458 3416 712 3496 Aristophanes.
734 3434 842 3495 quem.
864 3417 901 3476 ut
920 3414 1105 3495 principem
1127 3415 1296 3477 comindiae
1316 3417 1470 3497 antiquae,

347 3530 579 3614 praegrandem
607 3533 711 3593 vocat.
740 3530 826 3592 Eum
855 3548 970 3593 sellem
1003 3530 1151 3610 appellat
1179 3533 1237 3593 aut
1265 3530 1350 3605 ideo,
1383 3533 1470 3613 quia,

347 3651 387 3711 ut
402 3648 494 3710 inter
520 3646 610 3709 viros
630 3646 743 3708 doctos
767 3650 906 3714 constat.
933 3648 1176 3727 sexagesimum
1205 3667 1331 3709 annum
1364 3668 1472 3729 egres-

350 3784 407 3828 sus
427 3766 487 3832 est,
509 3765 576 3830 aut.
603 3762 680 3843 quia
711 3761 857 3823 solemus
877 3781 942 3835 eos,
964 3762 1022 3842 qui
1050 3761 1165 3824 multis
1186 3762 1284 3825 annis
1308 3765 1386 3824 ante
1410 3781 1472 3825 noa

346 3880 511 3952 vixerunt,
542 3897 639 3941 senes
667 3876 847 3958 appellare.
883 3876 1034 3940 Dicimus
1066 3879 1156 3940 enim
1186 3877 1398 3959 Hungarice:
1430 3897 1473 3941 oz

349 3998 428 4080 drap
457 3990 701 4076 Shcloeapccrc,
735 3990 951 4055 Germanice:
981 3991 1042 4057 dar
1069 3993 1136 4057 ulle
1169 3990 1238 4073 Sl„
1270 4013 1473 4074 quamquam

347 4110 536 4191 principem
555 4113 730 4189 poetarum
748 4107 931 4170 Britanniae
945 4101 1259 4189 quinquagesimum
1276 4129 1403 4171 annum
1418 4109 1474 4171 vix

350 4244 520 4306 egressum
550 4243 621 4287 esse
645 4224 777 4287 scimus
802 4224 914 4286 Etiam
938 4224 1077 4288 Ovidius
1096 4243 1190 4290 sance
1218 4224 1367 4306 appellat
1386 4223 1471 4287 anti-

350 4360 431 4421 quos
449 4340 622 4402 Romanos
640 4339 729 4402 Faat
747 4339 789 4403 H.
810 4339 960 4405 35-36:
