3917 5475
778 1398 1095 1480 ADDENDA.

433 1754 494 1813 Sat.
524 1754 563 1812 ΙΙ.
592 1774 651 1811 vss.
681 1754 816 1811 35-36:
848 1772 934 1827 spera
966 1773 1103 1811 lrlracrrlln
1135 1755 1274 1829 supplice
1305 1761 1371 1811 rudo
1406 1756 1498 1814 ll'uru

382 1863 483 1920 Lirr'rri
505 1863 540 1918 iro.
562 1880 696 1934 volupes,
719 1879 806 1917 refer-ru:
831 1859 933 1917 Crassi
958 1860 1055 1916 rrrttttt
1079 1861 1115 1916 irs
1140 1861 1223 1918 (erlis.
1249 1860 1317 1918 Hoc
1339 1862 1406 1919 loco
1431 1880 1497 1935 spes

381 1989 485 2026 ruacru
511 1968 632 2026 videtur
658 1966 832 2041 significare
857 1965 1010 2024 infantem
1035 1967 1184 2025 tenellum
1204 1968 1315 2041 ipsum,
1339 1986 1424 2042 spem
1445 1987 1497 2042 pa-

379 2074 510 2141 rentum,
533 2076 566 2131 ut
591 2073 670 2131 Petr.
693 2074 730 2129 l:
760 2070 852 2145 «Spes
879 2090 997 2147 quoque
1023 2091 1093 2130 suas
1119 2072 1151 2148 (i.
1174 2090 1199 2130 e.
1221 2071 1300 2130 filios
1326 2074 1409 2148 suos)
1435 2094 1497 2131 am-

379 2180 490 2240 bitioni
523 2179 677 2248 donantr;
712 2178 802 2251 Verg.
825 2177 879 2237 Ge.
902 2178 960 2236 III.
982 2178 1060 2237 473:
1096 2178 1266 2255 «Spemque
1297 2198 1495 2257 gregemque·

377 2289 398 2345 i.
415 2305 440 2345 e.
456 2306 526 2345 oves
542 2290 572 2345 et
588 2307 692 2361 agnos
717 2288 812 2345 anua
834 2289 938 2346 autem
959 2286 1082 2345 videtur
1103 2287 1211 2345 eodem
1234 2306 1327 2346 sensu
1348 2289 1497 2363 accipien-

379 2395 451 2453 dum
473 2414 547 2463 esse,
565 2414 623 2469 quo
647 2392 777 2451 dicitur:
800 2394 921 2450 ratttere
943 2393 1078 2468 aliquem
1099 2395 1134 2450 in
1156 2395 1382 2467 possessionem
1403 2387 1497 2453 bono-

376 2519 446 2558 rum
477 2501 614 2570 alieuius,
643 2502 765 2557 rrrittere
795 2501 930 2574 aliquem
958 2501 992 2557 in
1023 2500 1150 2559 alicuius
1178 2500 1276 2569 bona;
1305 2501 1500 2575 Hungarice:

379 2608 512 2667 «valakit
552 2608 717 2667 valakinck
756 2628 774 2667 a
812 2607 975 2666 birtokaba
1018 2608 1258 2683 belehslyeani»,
1298 2607 1500 2668 Germanice:

379 2714 569 2774 «demanden
601 2734 661 2774 von
693 2715 753 2774 den
786 2714 905 2774 Gutern
938 2716 1023 2774 eines
1055 2716 1199 2775 Anderen
1230 2714 1333 2776 Besitz
1363 2694 1499 2776 nehmen

376 2819 549 2894 (engreifen)
577 2821 707 2879 lassent.
737 2821 816 2879 Avia
848 2823 942 2896 igitur
969 2822 1124 2881 infantem
1152 2824 1300 2881 tenellum
1328 2825 1417 2881 votis¹
1437 2826 1499 2882 suis

380 2926 465 3000 quasi
488 2944 697 2999 possessorem
720 2947 897 3006 cammrum
920 2931 1022 2988 Licini
1045 2933 1074 2988 et
1095 2930 1208 2988 aedium
1231 2930 1332 2990 Crassi
1354 2931 1434 2989 facit.

433 3029 494 3089 sar.
516 3029 574 3088 III.
596 3050 654 3089 vss.
677 3032 816 3090 45-462
852 3033 995 3094 Grerrdtu
1026 3037 1054 3093 st
1082 3036 1196 3093 uellera
1230 3038 1378 3095 *rrecrutrrrt
1408 3037 1498 3094 verim

383 3138 507 3196 Catonis
530 3137 667 3196 Discere..
684 3137 752 3194 Hoc
774 3137 840 3196 loco
862 3157 918 3212 pro
941 3142 1057 3197 discere
1081 3141 1297 3214 reponendum
1321 3141 1443 3199 videtur
1464 3160 1500 3199 ex

322 3221 324 3225 Ι
379 3243 483 3302 codice
504 3243 777 3317 Montcpessulano
804 3237 871 3302 125.
885 3245 996 3313 dicere,
1021 3243 1115 3304 etiam
1137 3245 1261 3303 scholiis
1283 3246 1499 3306 suadentibus:

382 3351 520 3420 «Merite,
550 3348 661 3425 inquit,
701 3349 779 3408 mihi
818 3349 1037 3424 lippitudinem
1069 3349 1269 3419 accersebam
1303 3370 1342 3409 ne
1375 3352 1501 3413 Catonis

379 3456 612 3516 deliberativam
647 3459 840 3515 recitarem».
875 3457 954 3515 Nam
991 3459 1093 3517 dicere
1129 3458 1210 3534 apud
1228 3440 1383 3518 'rhetores
1418 3460 1500 3519 idem

379 3564 541 3640 significat,
580 3562 661 3640 quod
696 3565 892 3634 declamare;
930 3565 968 3623 cf.
1006 3565 1111 3636 Quint.
1146 3567 1224 3624 Inst.
1258 3566 1308 3626 Or.
1338 3567 1377 3627 Π.
1404 3568 1430 3636 7,
1466 3569 1499 3626 1:

381 3671 442 3730 «Ne
473 3669 616 3745 discipuli
646 3671 752 3729 omnia
783 3673 874 3740 certa,
901 3674 935 3729 ut
966 3672 1061 3730 moris
1092 3673 1146 3740 est,
1179 3671 1227 3731 die
1258 3675 1390 3733 dicarat:
1419 3674 1500 3750 quod

381 3775 503 3853 quidem
526 3777 659 3834 maxime
681 3779 783 3851 patres
805 3777 960 3850 exigunt».

435 3883 495 3942 Sat.
516 3883 569 3942 IV.
591 3903 634 3943 vs.
657 3886 713 3942 29:
742 3883 871 3944 Sertoloe
892 3891 1024 3944 'veterem
1046 3893 1185 3944 rnetueras
1207 3891 1355 3947 deradere
1376 3890 1496 3947 lr'rauur.

381 3988 426 4049 of.
450 3992 543 4048 etiam
563 3991 638 4049 Hor.
661 3991 723 4050 Sat.
745 3993 786 4050 Π.
810 3993 836 4062 3,
862 3993 1037 4052 loe-110:
1064 3993 1140 4065 «Qui
1165 4013 1308 4052 nummos
1331 4014 1499 4071 cursimque

379 4097 520 4156 recondit
548 4101 669 4157 nescius
698 4101 743 4158 uti
772 4099 958 4174 Compositis
983 4107 1185 4176 'caeteterasque
1209 4101 1292 4160 velut
1320 4104 1500 4177 eontirzpere

380 4223 530 4264 sacrum».

433 4309 494 4370 Sat.
521 4311 571 4370 VI.
594 4331 636 4371 vs.
660 4313 715 4370 71:
741 4318 813 4370 rasus
840 4315 894 4370 iste
916 4333 1020 4388 nepos.
1044 4312 1088 4373 cf.
1111 4316 1204 4372 etiam
1225 4315 1300 4373 Hor.
1324 4314 1386 4373 sar.
1407 4314 1448 4372 H.
1474 4314 1497 4384 1,

379 4417 516 4477 53—542
550 4417 677 4477 «Soaevae
706 4419 844 4477 vivacem
870 4417 956 4477 erede
983 4422 1090 4494 nepoti
1114 4419 1276 4490 Matrem»,
1298 4419 1360 4490 ubi,
1382 4423 1417 4479 ut
1437 4419 1500 4480 -hoo

380 4526 455 4594 loce,
479 4545 573 4600 nepos
595 4524 693 4584 filium
716 4523 877 4599 prodigum
900 4524 1061 4598 significat.
