3917 5475
761 1382 990 1466 sumne
1017 1384 1089 1467 vr.
1142 1328 1147 1339 ’

454 1687 611 1750 Admovit
629 1688 697 1750 iem
716 1687 834 1750 brume
854 1687 926 1750 loeo
946 1691 989 1755 te,
1009 1686 1121 1761 Besso,
1143 1686 1265 1751 Sabino
1278 1694 1293 1750 ι)

454 1803 570 1867 Iemne
590 1803 662 1883 lyra
682 1804 714 1865 et
732 1802 850 1865 tetrico
869 1803 986 1864 vivunt
1005 1802 1066 1864 tibi
1085 1803 1216 1884 peetine
1236 1802 1375 1871 ohordae.

454 1918 540 1982 Mire
560 1919 671 2001 opifex
689 1918 838 1981 numeris
856 1922 1007 1980 veterum
1026 1918 1209 1999 primordie
1228 1939 1346 1981 vooum

455 2035 562 2117 Atque
583 2054 709 2097 merem
729 2036 906 2116 strepitum
924 2034 999 2097 fidis
1019 2032 1203 2097 intendisse
1223 2034 1360 2101 Lutinae.

453 2150 531 2214 Mox
549 2152 687 2213 iuvenes
707 2151 833 2231 egitere
852 2151 943 2213 ioeos
964 2155 996 2212 et
1015 2150 1135 2231 polliee
1155 2150 1296 2213 honesto
1515 2172 1527 2210 5

454 2266 615 2347 Egregius
635 2266 756 2329 lusisse
777 2271 901 2329 senex?

887 2381 972 2444 Mihi
992 2402 1081 2443 nuno
1100 2382 1202 2462 Ligus
1222 2401 1280 2445 ore

454 2498 586 2581 Intepet
605 2498 825 2579 hibernatque
844 2518 958 2560 meum
976 2518 1077 2564 mere.
1099 2518 1163 2579 que
1182 2500 1270 2562 lutus
1289 2501 1409 2579 ingens

453 2613 543 2677 Dent
563 2614 691 2695 scopuli
712 2617 744 2675 et
763 2613 869 2676 multe
888 2614 967 2676 litus
989 2634 1022 2676 se
1042 2614 1127 2675 velle
1148 2618 1302 2696 receptet.

459 2729 585 2793 «Lunei
604 2732 748 2812 portum,
771 2733 820 2793 est
840 2751 957 2812 operte.
979 2730 1178 2810 eognosoite.
1200 2731 1327 2796 civesu:

454 2845 517 2910 Cor
535 2847 627 2910 iubet
646 2847 709 2909 hoe
727 2847 825 2921 Enni,
846 2850 1024 2929 postquem
1043 2846 1218 2910 destertuit
1238 2869 1310 2911 esse
1500 2865 1527 2904 ro

455 2962 646 3035 Maeonides,
668 2963 813 3042 Quintus
832 2983 961 3045 perone
984 2985 1022 3026 ex
1040 2963 1257 3044 Pythagoreo.

454 3079 518 3142 Hie
538 3100 598 3160 ego
620 3100 754 3143 securus
773 3079 862 3160 volgi
882 3084 923 3151 et,
945 3079 1025 3160 quid
1044 3083 1207 3160 preepuret
1226 3085 1338 3142 auster

455 3195 573 3258 Infelix
591 3196 712 3278 pecori,
735 3216 886 3272 seeurus;
909 3201 950 3267 et,
972 3197 1115 3277 ungulus
1135 3197 1191 3258 ille

454 3309 562 3374 Vioini
581 3313 696 3374 nostro
716 3312 794 3392 quie
813 3312 978 3393 pinguior.
1001 3313 1063 3374 etsi
1083 3311 1165 3374 edeo
1185 3332 1302 3373 omnes

453 3425 625 3488 Diteseent
645 3427 709 3488 orti
727 3427 906 3508 peioribus,
927 3447 1032 3507 usque
1052 3447 1201 3490 recusem
1502 3444 1528 3483 1⁵

454 3540 580 3604 Curvus
601 3543 643 3605 ob
662 3542 696 3605 id
714 3544 823 3605 minui
843 3544 936 3605 senio
958 3548 1016 3607 eut
1036 3564 1153 3607 eenere
1174 3545 1246 3607 sine
1265 3549 1365 3608 unoto

453 3657 495 3721 Et
514 3659 647 3738 signum
665 3659 702 3720 in
721 3657 840 3740 vapido
859 3679 940 3722 naso
961 3660 1111 3739 tetigisse
1130 3660 1269 3740 lagoena.

496 3773 672 3856 Diserepet
691 3775 744 3836 his
764 3774 858 3837 elius.
881 3775 1051 3844 Geminos.
1074 3777 1266 3858 horosoope,
1288 3798 1367 3841 vero

454 3889 611 3952 Produois
631 3891 748 3971 genio:
769 3891 849 3953 solis
868 3891 1036 3954 natalibus
1057 3892 1182 3972 estqui

455 4005 596 4087 Tingnet
616 4006 689 4069 olus
710 4008 833 4069 sieoum
853 4008 960 4070 muria
980 4009 1072 4070 veser
1089 4009 1125 4070 in
1145 4010 1246 4071 oeliee
1267 4013 1386 4091 emptu.
1501 4023 1528 4061 2⁰

455 4121 530 4202 Ipse
550 4141 680 4185 suerum
699 4123 854 4186 inrorans
873 4124 996 4204 petinae
1017 4125 1111 4205 piper
1122 4150 1128 4201 ;
1151 4109 1204 4186 hio
1222 4125 1311 4189 bone
1330 4126 1428 4190 dente

455 4236 603 4301 Grandia
622 4240 859 4319 magnanimus
877 4241 1007 4320 peragit
1025 4262 1117 4322 puer.
1139 4243 1222 4305 Uter
1241 4262 1310 4322 ego,
1332 4247 1415 4310 utar.

456 4352 522 4414 Neo
541 4354 698 4416 rhombos
718 4354 793 4417 ideo
813 4356 940 4418 libertis
959 4377 1084 4437 ponere
1104 4358 1225 4426 lentus,

456 4466 521 4529 Nec
540 4470 652 4532 tenuis
672 4470 787 4534 sollers
806 4471 980 4534 turdorum
999 4492 1098 4533 nosse
1119 4474 1247 4535 solivae.
