3917 5475
480 711 515 763 36
960 726 1070 771 samaa
1088 728 1117 770 v,

481 905 521 969 ln
538 904 704 969 Venerem
721 904 830 986 putris
840 930 849 981 ;
870 903 928 966 sed
947 924 1024 966 oum
1043 903 1195 985 lapidosa
1214 905 1372 985 cheragra

481 1020 630 1103 Fregerit
649 1020 816 1088 articulos,
837 1020 958 1082 veteris
978 1020 1119 1083 ramalia
1138 1020 1213 1100 fagi,

437 1159 466 1200 eo
481 1135 574 1198 Tunc
592 1153 721 1199 crassos
740 1134 903 1198 transisse
922 1133 994 1197 dise
1014 1134 1188 1215 lucemque
1207 1134 1391 1216 palustrem

481 1252 524 1314 ut
542 1250 605 1315 sibi
624 1251 692 1313 iam
712 1250 777 1312 seri
796 1250 901 1313 vitam
918 1250 1112 1331 ingemuere
1132 1251 1292 1313 relictam

481 1369 525 1431 At
542 1372 577 1430 te
594 1366 768 1430 nocturnis
787 1366 879 1429 iuvat
897 1366 1126 1447 impallescere
1145 1367 1278 1434 chartis.

482 1482 599 1545 Cultor
617 1482 707 1544 enim
725 1483 886 1544 iuvenum
905 1485 1063 1563 purgatas
1082 1482 1203 1544 inseris
1223 1502 1319 1545 aures

483 1596 591 1678 Fruge
610 1596 803 1661 Cleanthea.
824 1596 931 1659 Petite
950 1597 1030 1659 hino
1048 1598 1209 1678 puerique
1230 1617 1392 1679 senesque

439 1736 467 1777 ee
484 1712 603 1775 Finem
622 1713 735 1777 animo
756 1717 884 1775 certum
903 1713 1100 1793 miserisque
1120 1714 1240 1776 viatica
1259 1715 1361 1777 canis.

487 1827 586 1892 «Cras
604 1828 668 1890 hoc
682 1826 768 1889 fiet.»
788 1864 825 1871 --
847 1826 941 1889 Idem
956 1847 1029 1890 cras
1044 1826 1110 1889 fiet.
1125 1865 1167 1869 —
1184 1827 1290 1907 «Quid
1300 1834 1316 1892 ’2
1328 1829 1429 1907 Quasi
1442 1849 1603 1911 magnum

483 1942 609 2025 Nempe
628 1941 719 2005 diem
737 1941 872 2005 donas.»
894 1979 939 1985 —
958 1940 1032 2012 Sed,
1054 1962 1130 2005 oum
1148 1943 1205 2004 lux
1224 1943 1328 2006 altera
1351 1944 1451 2018 venit,

482 2058 555 2122 Iam
574 2078 645 2123 cras
664 2059 860 2122 hesternum
879 2060 1158 2141 consumpsimus,
1181 2080 1255 2121 ecco
1275 2060 1365 2123 aliud
1385 2080 1458 2123 cras

483 2175 596 2257 Egerit
614 2176 676 2239 hos
696 2195 804 2240 annos
824 2180 857 2238 et
876 2196 1008 2258 semper
1026 2177 1165 2257 paulum
1186 2177 1248 2239 erit
1267 2176 1364 2240 ultra.
1440 2200 1442 2204 ·

440 2314 469 2355 ro
485 2290 570 2355 Nam
589 2294 740 2373 quamvis
759 2312 864 2376 prope
883 2296 926 2358 te.
949 2293 1101 2373 quamvis
1120 2297 1254 2355 temone
1275 2292 1334 2356 sub
1354 2312 1423 2355 uno

484 2406 678 2470 Vertentem
697 2427 769 2471 sese
789 2409 911 2470 frustra
932 2407 1099 2470 sectabere
1118 2408 1288 2481 canthum,

485 2520 569 2585 Cum
588 2526 660 2587 rota
677 2524 843 2606 posterior
860 2543 974 2586 curras
994 2523 1082 2585 etin
1100 2544 1159 2586 axe
1179 2522 1333 2587 secundo.

530 2638 697 2704 Libertate
719 2660 803 2722 opus
824 2644 882 2703 est.
904 2640 979 2702 Non
998 2641 1068 2714 hac,
1090 2641 1285 2722 utquisque
1304 2638 1423 2703 Velina

486 2756 640 2821 Publius:
661 2759 811 2830 emeruit,
833 2758 1022 2821 scabiosum
1040 2759 1203 2821 tesserula
1223 2760 1273 2821 far

441 2893 469 2932 re
486 2871 645 2936 Possidet.
666 2873 744 2935 Heu
764 2874 893 2936 steriles
912 2874 991 2945 veri,
1013 2873 1132 2955 quibus
1151 2895 1219 2937 una
1239 2874 1403 2954 Quiritem

486 2989 619 3070 Vertigo
640 2991 727 3053 facit.
747 2991 812 3052 Hic
830 2990 937 3053 Dama
956 2995 1006 3053 est
1025 3011 1095 3053 non
1113 2992 1211 3054 tresis
1231 3011 1340 3072 agaso,

486 3103 601 3186 Vappa
619 3105 731 3186 lippus
751 3109 783 3167 et
801 3106 952 3167 intonui
972 3105 1136 3186 farragine
1157 3105 1317 3169 mendax:

487 3218 629 3283 Verterit
648 3222 737 3283 hunc
757 3219 921 3294 dominus,
944 3225 1115 3283 momento
1135 3220 1279 3284 turbinis
1300 3223 1365 3284 exit

487 3333 618 3398 Marcus
636 3335 752 3400 Dama.
774 3336 889 3419 Papae!
911 3337 1024 3400 Marco
1044 3337 1230 3419 spondente
1251 3358 1382 3401 recusas

443 3472 470 3510 so
487 3449 626 3514 Credere
645 3457 683 3515 tu
702 3460 883 3518 nummos?
902 3453 1016 3517 Marco
1037 3455 1096 3516 sub
1116 3454 1226 3517 iudice
1246 3456 1376 3538 palles?

489 3563 619 3629 Marcus
639 3567 729 3640 dixit,
750 3569 798 3631 ita
819 3574 876 3631 est.
897 3568 1054 3649 Adsigna
1077 3568 1197 3644 Marce,
1219 3570 1367 3634 tabellas.

489 3680 567 3743 Haec
586 3684 839 3758 northbertus,
861 3685 924 3747 hoe
943 3684 1040 3748 nobis
1059 3686 1160 3767 pillea
1179 3684 1314 3749 donant.

494 3796 562 3858 «An
582 3799 757 3880 quisquam
777 3806 827 3863 est
847 3802 932 3864 alius
952 3803 1044 3875 liber,
1066 3803 1132 3865 nisi
1152 3801 1271 3865 ducere
1290 3805 1394 3867 vitam

490 3910 550 3974 Cui
570 3914 655 3986 licet,
676 3920 713 3978 ut
732 3917 861 3980 voluit?
877 3917 977 3985 lieet,
999 3924 1036 3980 ut
1055 3920 1140 3989 volo,
1160 3920 1289 3984 vivere:
1309 3941 1379 3983 non
1398 3941 1473 3984 sum

444 4047 472 4085 es
489 4027 641 4090 Liberior
658 4029 803 4094 Brutoir
826 4071 869 4075 —
894 4032 1072 4097 «Meudose
1093 4036 1239 4116 colligis»
1263 4036 1373 4117 inquit

492 4142 622 4206 Stoicus
641 4145 695 4207 hio
715 4167 830 4209 aurem
849 4149 997 4213 mordaci
1017 4150 1105 4214 lotus
1126 4157 1218 4214 aceto

497 4258 585 4320 cHoc
605 4261 770 4342 reliquum
789 4265 924 4346 accipio,
948 4265 1021 4330 licet
1040 4267 1124 4330 illud
1145 4273 1176 4330 et
1195 4272 1232 4332 ut
1250 4268 1326 4334 volo
1346 4271 1455 4333 tolle.»
1479 4307 1523 4314 ——

496 4373 666 4438 cVindicta
685 4381 863 4459 postquam
882 4401 978 4444 meus
998 4403 1018 4445 a
1036 4388 1175 4464 praetore
1196 4385 1326 4457 recessi,
