3917 5475
844 1364 1072 1448 SATIRA
1099 1365 1185 1447 HI.

628 1584 872 1660 Philosophiam
892 1583 1025 1660 impuno
1046 1585 1180 1661 neglegi
1200 1604 1267 1646 non
1288 1604 1392 1662 posse.

506 1804 745 1869 Exordium
772 1807 812 1882 (.
843 1805 972 1883 1—18.)
1003 1800 1139 1868 lacertis
1169 1802 1260 1869 diaes
1291 1809 1321 1871 et
1348 1807 1486 1889 stabilis,
1514 1809 1576 1892 qai

455 1920 580 1987 stadiis
601 1919 780 1984 litterariis
800 1937 938 2003 operam
951 1927 954 1932 “
968 1917 1038 1998 dat,
1059 1937 1135 2002 qaae
1156 1921 1270 1984 tamea
1289 1922 1446 2006 aeplepit,
1467 1942 1575 2006 usqae

455 2036 501 2102 cd
519 2033 698 2101 meridiem
718 2032 863 2098 edormit
883 2031 1079 2098 hesternam
1098 2035 1289 2118 crapulam,
1308 2033 1399 2101 uode
1420 2056 1496 2101 eum
1515 2038 1573 2102 m·

455 2149 699 2238 clipaabimdas
717 2150 858 2214 suscitat
872 2149 1048 2234 mapister,
1064 2147 1292 2234 philosophas
1309 2151 1458 2235 quidam.
1487 2152 1576 2219 Taa-

455 2267 532 2332 dem
552 2265 598 2331 ad
616 2264 733 2330 studia
756 2285 792 2329 se
819 2265 1001 2348 componit,
1032 2263 1167 2347 sedat
1189 2268 1369 2350 propriam
1397 2269 1576 2355 ipaaoiam

456 2382 655 2460 dissimulet,
676 2380 829 2446 calamos
850 2383 881 2445 et
900 2382 1134 2446 atrameatam
1152 2385 1190 2446 at
1207 2383 1347 2448 matilia
1367 2384 1488 2469 culpat.
1580 2431 1582 2434 -

507 2499 544 2562 V.
569 2498 662 2561 1-a.
684 2493 811 2580 Nempe
833 2494 901 2560 laec
921 2494 1074 2573 adsidue,
1095 2498 1234 2579 suppio:
1263 2497 1367 2575 fiunt:
1389 2504 1424 2563 tu
1445 2522 1577 2582 semper

455 2635 560 2695 usque
581 2610 622 2674 ad
641 2611 789 2674 medium
809 2612 898 2675 diem
918 2611 1052 2676 dormis.
1073 2613 1145 2677 Vss.
1170 2615 1263 2678 1-6.
1286 2620 1364 2678 sunt
1382 2617 1482 2679 verba
1501 2618 1576 2698 phi-

454 2729 588 2811 losophi
607 2728 788 2803 cuiusdam,
810 2730 866 2811 qui
886 2730 1041 2792 iuvenem
1070 2728 1216 2805 divitem,
1238 2753 1336 2813 quom
1356 2731 1474 2796 docere
1493 2734 1573 2809 vult,

455 2846 677 2909 dormientem
688 2846 818 2908 invonit
831 2847 912 2909 hora
925 2847 1060 2927 quinta;
1082 2845 1170 2927 quod
1189 2867 1265 2909 cum
1285 2868 1371 2930 scapo
1384 2849 1451 2910 iam
1465 2849 1576 2912 obser-

455 2962 589 3035 vaverit,
611 2961 756 3042 amplius
769 2965 930 3024 catenare
950 2962 1068 3043 nequit
1084 2966 1116 3024 et
1129 2962 1334 3026 desidiosum
1351 2964 1512 3045 obiurgat.
1527 2962 1574 3028 cf.

456 3080 539 3144 Gell.
560 3078 597 3140 N.
618 3078 654 3142 A.
676 3078 728 3142 VI.
750 3079 807 3143 10:
832 3078 944 3140 «Nunc
962 3078 1074 3141 videre
1095 3079 1376 3160 estphilosophos
1396 3080 1483 3143 ultro
1504 3101 1576 3143 cur-

456 3217 537 3268 rere,
559 3199 596 3257 ut
616 3194 765 3260 doceant.
787 3194 936 3257 adfores
960 3195 1120 3258 iuvenum
1148 3195 1289 3258 divitum
1319 3217 1440 3278 eosque
1459 3197 1505 3260 ibi
1526 3218 1576 3260 so-

456 3314 532 3377 dors
557 3315 655 3392 atquc
675 3311 821 3391 opperiri
837 3331 941 3391 propa
962 3310 1003 3373 ad
1022 3310 1204 3382 meridiem,
1223 3311 1328 3374 donec
1345 3312 1500 3393 discipuli
1516 3333 1576 3375 no-

457 3434 612 3493 cturnum
632 3447 730 3489 omne
744 3428 859 3489 vinum
881 3426 1099 3490 edormiant».
1131 3426 1316 3506 Scholiasta
1337 3428 1378 3491 ad
1397 3430 1486 3492 hunc
1504 3450 1576 3492 ver-

459 3566 533 3609 sum
553 3542 711 3606 adnotat:
737 3542 850 3603 «Hanc
871 3543 1008 3605 satiram
1036 3548 1136 3624 poeta
1157 3565 1195 3605 ox
1213 3544 1334 3606 Lucilii
1353 3544 1437 3608 libro
1458 3548 1575 3626 quarto

456 3660 628 3724 transtulit
652 3659 818 3738 castigans
846 3658 1014 3721 luxuriam
1034 3664 1066 3721 ot
1084 3660 1166 3723 vitia
1194 3659 1365 3723 divitum».
1397 3658 1462 3723 Sed
1490 3661 1576 3741 frag-

457 3780 570 3840 menta
590 3798 629 3838 ax
648 3776 709 3838 hoc
729 3774 813 3836 libro
835 3779 973 3849 servata,
996 3796 1198 3857 quamquam
1218 3797 1256 3838 ex
1280 3780 1374 3857 parto
1393 3777 1430 3839 in
1446 3776 1506 3839 tali
1526 3796 1576 3839 ar-

457 3896 615 3975 gumento
636 3895 819 3962 versantur,
840 3893 976 3954 nonita
996 3896 1188 3972 comparata
1208 3896 1294 3965 sunt,
1309 3896 1346 3955 ut
1364 3891 1459 3954 illam
1472 3891 1577 3955 Persii

456 4010 680 4073 imitationem
709 4008 934 4087 comprobent,
960 4008 1146 4089 praesertim
1175 4028 1249 4070 oum
1270 4006 1311 4069 ad
1330 4008 1439 4088 ipsam
1467 4006 1580 4089 philo-'

457 4125 620 4206 sophiam,
643 4124 736 4186 cuius
757 4123 904 4186 studium
924 4124 1097 4204 proprium
1117 4127 1238 4186 nostrai
1264 4124 1372 4185 satirae
1402 4142 1576 4202 argumcn-
1665 4188 1673 4195 ,

456 4247 529 4304 tum
549 4244 608 4314 est,
630 4259 700 4303 non
718 4240 918 4321 pertineant.
940 4239 1048 4317 Quare
1069 4238 1251 4301 rectissime
1272 4237 1352 4300 dicit
1371 4238 1448 4300 Luc.
1470 4235 1576 4330 Muci-

456 4359 506 4420 ler
524 4361 566 4437 (p.
587 4358 662 4420 ⁶207.
686 4355 734 4418 ed.
755 4355 892 4433 Lucil.):
917 4354 996 4416 «Vix
1016 4357 1066 4416 est
1079 4353 1167 4435 quod
1179 4374 1344 4421 moneam.
1360 4352 1487 4416 scholio
1501 4351 1576 4413 Par-

458 4475 498 4536 sii
515 4524 521 4537 .
541 4522 547 4536 .
567 4523 574 4535 .
595 4472 734 4535 minime
765 4470 849 4533 effici
878 4473 984 4532 totam
1014 4470 1150 4533 satiram
1179 4470 1278 4532 istam
1308 4469 1349 4531 ad
1378 4468 1498 4531 Lucilii
1522 4466 1575 4533 IV.

903 4724 1003 4775 'h
