3917 5475
786 698 894 742 SATIRA
910 701 959 745 111.
978 699 1102 747 52—55.
1454 689 1503 739 179

381 873 420 932 ut
438 868 522 939 Hor„
540 870 600 951 Ep.
621 871 645 933 Ι.
670 872 697 940 1,
722 873 803 937 113ε
837 875 944 937 «vivat
964 876 1125 957 siliquis»
1148 915 1193 923 κ
1211 879 1361 965 prandi.
1383 936 1389 947 .
1409 934 1416 948 .
1432 903 1501 968 po-

383 983 487 1067 lenta,
505 985 545 1048 de
566 986 711 1067 simplici
729 989 827 1062 victu,
849 993 886 1052 ut
905 990 1037 1054 Attalus
1054 993 1143 1074 apud
1156 992 1318 1060 Senecam
1336 999 1407 1080 (Ep.
1429 1001 1500 1067 110.

386 1098 447 1176 18.)
466 1098 565 1163 dicit:
594 1101 783 1166 «Habemus
804 1124 934 1185 aquam.
953 1106 1116 1171 habemus
1135 1111 1327 1190 polentam:
1345 1114 1417 1178 Iovi
1436 1117 1502 1199 ipsi

380 1217 642 1280 controversiam
670 1218 710 1280 de
739 1220 898 1283 felicitate
918 1222 1112 1287 faciamus».
1140 1223 1283 1292 Poleulu
1314 1250 1353 1292 ex
1376 1231 1501 1295 hordeo

380 1333 487 1406 facta3
508 1333 547 1395 01.
569 1333 653 1396 Plin.
684 1335 721 1398 N.
749 1335 791 1398 H.
819 1336 936 1400 XVIII.
960 1338 1023 1402 72:
1048 1339 1346 1422 «Antiquissimum
1363 1346 1400 1408 in
1420 1346 1502 1410 cibis

380 1447 619 1513 hordeum...
641 1450 816 1514 Polentam
840 1472 971 1533 quoque
1001 1452 1106 1517 Graeci
1132 1475 1202 1518 non
1232 1458 1366 1522 aliunde
1385 1463 1501 1542 praefe-

380 1565 469 1625 runt.
489 1563 645 1627 Pluribus
674 1566 711 1628 fit
739 1567 809 1628 haec
836 1567 955 1631 modis.
990 1566 1101 1634 Graeci
1127 1572 1300 1652 perfusum
1320 1594 1405 1656 aqua
1425 1577 1501 1641 hor-

378 1675 480 1740 deum
500 1678 625 1741 siccant
643 1685 741 1744 nocte
770 1703 838 1745 una
863 1703 901 1745 ac
920 1687 1054 1764 postero
1075 1685 1128 1748 die
1147 1687 1282 1768 frIgunt.
1304 1690 1382 1753 dein
1400 1694 1500 1757 molis

378 1793 561 1874 frangunt.
580 1844 587 1857 .
606 1844 613 1857 .
635 1793 741 1860 ltalia
761 1797 832 1859 sine
852 1799 1045 1878 perfusione
1063 1804 1190 1865 tostum
1209 1804 1246 1865 in
1261 1783 1419 1870 subtilem
1440 1808 1460 1892 s
1481 1844 1499 1856 -

378 1909 496 1972 riuum
514 1911 643 1974 molit».
670 1907 823 1976 Grandes
849 1916 899 1976 est
917 1914 1021 1994 igitur
1039 1917 1177 1996 polenta
1196 1917 1387 1985 Graecorum
1405 1945 1499 1988 more

378 2025 538 2099 confecta,
569 2027 655 2107 quia.
677 2031 715 2089 ut
745 2029 875 2092 Phnius
904 2029 1008 2103 docet,
1032 2032 1194 2096 hordeum
1214 2055 1284 2097 non
1302 2038 1437 2104 molunt
1463 2042 1499 2104 ln

378 2141 535 2226 subtilem
555 2143 708 2217 farinam,
726 2148 764 2207 ut
783 2145 869 2219 Itali,
889 2145 946 2207 sed
962 2148 1195 2228 neglegentius
1210 2148 1391 2236 tranqueil,
1409 2155 1498 2219 unde

377 2258 506 2320 malora
524 2259 561 2320 in
589 2260 727 2340 polenta
755 2280 935 2341 granorum
963 2263 1107 2325 frustula
1137 2271 1335 2330 remaneant
1361 2290 1498 2335 necesse

377 2378 437 2436 est.
457 2373 622 2456 Discipuli
651 2380 763 2438 autem
792 2375 979 2440 Stoicorum
1006 2383 1187 2442 vescuntur
1213 2381 1330 2445 viliore
1354 2385 1498 2464 polentae

375 2508 507 2569 genere.
535 2486 688 2554 61111113
713 2489 855 2574 polenta
880 2492 1006 2573 legitur
1024 2495 1125 2557 etiarn
1154 2495 1243 2576 apud
1266 2496 1335 2562 Cat.
1360 2499 1409 2562 De
1430 2522 1496 2583 agr.

380 2607 462 2672 108:
486 2608 627 2672 «VInum
645 2610 673 2672 si
688 2610 780 2673 voles
801 2611 941 2691 experiri
961 2610 1159 2679 duraturum
1179 2613 1222 2674 sit
1240 2633 1355 2688 necne,
1372 2617 1496 2699 polea-

376 2725 450 2787 toru
467 2722 635 2809 proiectam
659 2725 836 2789 dimidium
865 2725 1030 2789 acetabuli
1049 2727 1085 2789 in
1105 2727 1283 2792 caliculum
1302 2752 1427 2796 novum
1446 2734 1497 2797 in-

374 2838 477 2915 dito»,
498 2840 556 2904 ubi
574 2842 651 2904 Keil
667 2842 851 2905 rectissime
869 2842 1026 2905 adnotat:
1050 2841 1212 2907 «Grandis
1231 2846 1369 2926 polenta
1385 2854 1497 2914 autern

374 2954 505 3031 dicitur,
520 2977 592 3038 quae
613 2977 652 3020 ex
670 2956 856 3043 prandisse
875 2957 995 3042 furiae
1006 2959 1094 3030 11011
1113 2963 1193 3023 1111.
1214 2958 1497 3030 Grandissirnum

375 3071 494 3135 eodem
514 3092 614 3136 sensu
635 3074 777 3136 occurrIt
796 3073 885 3155 apud
905 3073 989 3136 Plin.
1010 3073 1048 3137 N.
1068 3074 1110 3137 H.
1140 3075 1257 3139 XVIII.
1282 3078 1361 3143 1192:
1387 3081 1497 3145 «Alica

372 3186 412 3249 fit
432 3206 449 3249 e
468 3207 535 3263 zea,
558 3210 658 3271 quarn
678 3210 793 3252 semen
814 3190 1066 3271 appellavimus.
1087 3190 1252 3254 Tunditur
1270 3213 1411 3274 granum
1425 3198 1496 3261 eius

373 3306 411 3367 in
429 3306 500 3386 pila
517 3306 638 3386 lignea.
659 3326 702 3367 ne
718 3304 840 3387 lapidis
857 3305 980 3369 duritia
998 3310 1157 3380 conterat,
1175 3309 1300 3384 mobili,
1322 3314 1359 3373 ut
1377 3316 1496 3376 notum

374 3423 434 3489 est.
455 3422 524 3501 pilo
544 3422 733 3484 vinctorum
761 3422 886 3503 poenali
915 3442 1025 3503 opera.
1051 3422 1192 3486 Primori
1211 3424 1300 3488 inest
1318 3427 1413 3507 pyxis
1431 3428 1496 3490 101-

375 3558 440 3601 rea.
460 3539 615 3602 Excussis
628 3538 706 3601 inde
726 3539 849 3601 tunicis
865 3539 989 3601 iterum
1001 3537 1121 3601 IIsdem
1134 3541 1350 3603 armamentis
1369 3542 1496 3605 nudata

373 3655 561 3719 conciditur
579 3656 736 3719 medulla.
768 3655 819 3717 Ita
845 3653 931 3717 fiunt
951 3654 1043 3717 alicae
1063 3655 1128 3717 tria
1146 3674 1285 3736 genera:
1304 3656 1495 3719 minumum

373 3790 412 3833 10
433 3771 675 3841 secundarium.
696 3769 972 3856 proredissiurum
995 3789 1073 3832 vero
1094 3771 1282 3851 aphaerema
1301 3771 1491 3852 appellant»

373 3889 407 3947 et
425 3885 549 3949 ibidem
572 3888 599 3966 §.
628 3887 709 3950 115:
743 3886 854 3949 «Alica
882 3885 1071 3949 adulterina
1089 3885 1126 3949 fit
1145 3906 1298 3949 maxume
1323 3886 1494 3968 quideme

372 4022 441 4075 zea,
463 4022 535 4083 quae
563 4002 600 4064 in
627 4002 740 4065 Africa
766 4002 969 4083 degenerat.
988 4051 995 4064 .
1014 4051 1021 4065 .
1043 4002 1203 4064 farinario
1232 4002 1338 4065 cribro
1363 4003 1494 4067 subcer-

372 4119 468 4179 nunt.
495 4116 573 4196 Quae
602 4118 638 4180 in
658 4138 697 4181 eo
719 4118 888 4191 remansit,
920 4118 1098 4199 exceptitia
1126 4118 1315 4200 appellatur
1334 4124 1366 4190 et
1382 4138 1494 4205 praa-

371 4230 519 4297 dissima
538 4236 596 4296 est.
618 4233 745 4297 Rursus
765 4255 837 4316 quae
865 4234 995 4306 transit,
1017 4234 1139 4297 artiore
1159 4234 1307 4297 cernitur
1325 4239 1357 4296 et
1378 4254 1494 4297 secun-

372 4348 466 4411 daria
483 4353 630 4423 vocatur,
651 4350 732 4413 item
752 4351 918 4424 cribrario,
940 4370 1013 4431 quae
1033 4350 1135 4412 simili
1154 4349 1254 4413 modo
1270 4350 1307 4411 in
1325 4350 1424 4412 tertio
1444 4370 1494 4412 re-

371 4465 498 4528 mansit
526 4465 633 4528 cribro
663 4467 900 4547 angustissimo
931 4469 963 4528 et
991 4468 1123 4529 tanturn
1151 4467 1294 4529 harenas
1322 4463 1494 4529 transmit-

1390 4587 1438 4638 la*
