3917 5475
467 655 519 706 270
880 682 991 726 aarum
1005 684 1033 728 V.
1052 682 1175 729 93—95.

466 858 508 916 tea
528 854 671 935 quidem,
692 857 730 917 ut
750 858 871 932 omnia,
894 878 965 938 quae
981 859 1104 940 ubique
1125 863 1201 936 sint,
1223 864 1385 945 sapientis
1406 887 1478 928 esse
1502 867 1590 931 diea-

467 971 520 1032 tis.
536 968 651 1034 Solum
663 974 823 1052 praeterea
837 974 1030 1050 formosum,
1049 977 1158 1040 solum
1173 978 1326 1054 liberum,
1342 981 1450 1043 solum
1466 983 1589 1058 eivem3

467 1082 589 1149 stultos
615 1087 728 1148 omnia
759 1090 934 1163 contraria,
968 1111 1051 1171 quos
1080 1093 1181 1155 etiam
1209 1095 1348 1158 insanos
1377 1116 1448 1159 ease
1476 1097 1589 1160 vultis.

467 1199 547 1262 Haee
577 1200 739 1283 παράδοξα
767 1201 826 1276 illi,
857 1224 918 1267 nos
950 1205 1161 1271 admirabilia
1192 1209 1370 1274 dieamus.»
1402 1249 1446 1256 —-
1476 1212 1591 1276 tenvia

467 1335 585 1379 rerum
608 1311 741 1400 Officia,
757 1316 865 1381 officia
877 1319 962 1396 vitae,
981 1343 1053 1403 quae
1065 1324 1232 1387 subtiliter
1250 1325 1488 1406 distinguenda
1501 1331 1589 1391 sunt.

469 1429 515 1494 Of.
538 1429 613 1494 San.
634 1431 693 1512 Ep.
724 1434 775 1506 94,
808 1434 858 1496 35.
880 1435 920 1498 de
940 1440 1116 1520 praeeeptis
1136 1441 1178 1502 ad
1197 1440 1306 1503 officia
1323 1442 1400 1504 vitae
1419 1443 1591 1522 pertinen-

468 1546 575 1609 tibus:
610 1570 621 1602 u
634 1544 762 1612 Tenues
794 1553 906 1612 autem
937 1552 1144 1619 differentias
1175 1556 1308 1630 habent,
1341 1578 1423 1639 quas
1456 1559 1593 1638 exigunt

467 1665 626 1742 tempora,
647 1663 729 1735 loca,
747 1684 930 1745 persona».
950 1667 1075 1734 Tenuis
1096 1673 1199 1735 simili
1216 1671 1458 1752 significatione
1478 1693 1591 1739 oeeurr

468 1776 511 1836 rit
530 1776 616 1838 infra
635 1775 689 1840 VI.
710 1779 771 1843 ll:
805 1781 889 1845 «Nee
917 1787 1029 1850 tenuia
1058 1788 1176 1850 sollers
1200 1787 1373 1850 turdarum
1391 1808 1492 1850 nosse
1513 1789 1592 1850 sali-

466 1910 563 1965 vas»;
585 1890 665 1954 Hor.
688 1891 753 1957 Sat.
774 1895 815 1959 11.
836 1898 866 1973 4,
889 1901 995 1965 8-9ε

589 2049 670 2121 Quin
690 2052 723 2109 id
745 2057 921 2129 malaura,
944 2079 1003 2136 quo
1025 2064 1116 2136 paeto
1139 2062 1250 2119 cuneta
1270 2062 1419 2131 tenerem,

588 2165 701 2241 Utpote
722 2187 771 2228 res
793 2175 895 2232 terreis
918 2179 1008 2234 terrui
1030 2195 1173 2234 sermone
1195 2178 1335 2251 peractas

470 2355 502 2414 et
520 2353 599 2417 ibid.
622 2355 773 2424 35-36:

587 2515 649 2573 Nae
671 2516 728 2576 sibi
750 2537 896 2577 cenarum
918 2521 1017 2595 quivis
1039 2525 1154 2581 temera
1174 2523 1300 2596 adroget
1322 2526 1428 2592 artem,

587 2631 658 2690 Non
679 2635 763 2707 prius
786 2640 893 2695 exacta
915 2640 1005 2695 tenui
1024 2640 1145 2696 ratione
1167 2658 1321 2713 saporum.
1386 2673 1388 2677 >

468 2860 512 2866 —-
531 2822 652 2898 tenvia,
674 2824 779 2887 tribus
808 2826 944 2906 syllabis
979 2827 1277 2907 pronuntiandum,
1307 2831 1345 2890 ut
1363 2828 1458 2909 Verg.
1485 2827 1544 2892 Ge.
1563 2828 1591 2892 Ι.

470 2940 542 3014 397,
563 2940 605 3003 H.
629 2940 700 3016 121,
721 2940 774 3005 IV.
797 2943 848 3005 38.
869 2979 914 2985 —
933 2961 1036 3005 tesam
1052 2941 1186 3025 rupida
1204 2942 1398 3026 permittere
1417 2942 1503 3018 vitre,
1517 2964 1593 3025 per-

469 3056 610 3129 mittere.
640 3059 677 3118 ut
706 3056 859 3137 rapidum
887 3056 963 3119 vitae
995 3076 1128 3119 cursum
1157 3061 1282 3137 regant.
1308 3096 1352 3101 —
1379 3055 1593 3123 Sambueam

469 3171 569 3236 eitius
599 3172 713 3237 caleat
745 3171 918 3255 aptaveris
950 3172 1030 3247 ulte,
1067 3172 1206 3253 supple:
1241 3193 1341 3253 quam
1376 3177 1482 3237 artam
1514 3174 1593 3237 vitae

470 3290 582 3352 stulto.
603 3326 647 3332 —
670 3286 891 3373 Strabacem,
922 3308 1085 3368 organum
1113 3288 1279 3351 musicum
1308 3288 1440 3352 chordis
1467 3290 1593 3351 instru-

470 3406 568 3478 ctum,
581 3405 675 3467 euius
685 3403 827 3483 figuram
838 3402 932 3466 vide:
956 3399 1052 3476 Rieb,
1065 3402 1189 3465 illustr.
1202 3403 1305 3466 Wbrt.
1319 3423 1343 3467 a.
1360 3425 1390 3467 v.
1405 3403 1452 3468 ef.
1469 3404 1591 3467 Athen.

469 3519 523 3583 IV.
553 3540 584 3601 p.
609 3520 680 3582 175.
700 3518 740 3581 D.
761 3518 797 3580 E.
828 3516 913 3579 XIV.
934 3537 965 3597 p.
989 3515 1062 3580 633.
1088 3516 1123 3579 F.
1139 3518 1212 3582 637.
1233 3518 1269 3582 Β.
1292 3523 1325 3581 et
1343 3519 1435 3584 Paul.
1456 3519 1544 3582 Fest.
1567 3540 1592 3582 s.

468 3657 498 3699 v.
520 3637 562 3715 (p.
583 3636 658 3698 479.
680 3633 729 3696 ed.
759 3633 976 3710 Thewrewku
1011 3630 1193 3695 «Sambuea
1217 3634 1332 3713 organi
1352 3654 1468 3714 genus,
1489 3654 1508 3697 a
1528 3654 1593 3715 quo

471 3751 707 3832 sambyeistriae
728 3750 892 3813 dicuntur.
913 3747 1072 3811 Machina
1089 3768 1227 3830 quoque,
1247 3768 1311 3829 qua
1327 3749 1406 3812 urbs
1426 3769 1594 3831 expugna-

470 3870 533 3938 tur,
560 3865 716 3929 similiter
742 3866 888 3928 vocatur.
914 3863 1000 3926 Nam
1028 3867 1066 3926 ut
1093 3865 1130 3925 in
1158 3884 1282 3944 organo
1312 3864 1451 3938 chorda,
1482 3864 1529 3927 sie
1556 3864 1594 3926 in

470 3981 626 4043 maehina
655 3978 877 4041 intenduntur
905 3979 1034 4041 funes».
1061 3977 1144 4042 Cum
1173 3984 1243 4043 tota
1263 3980 1430 4043 sententia
1448 3981 1489 4043 ef.
1509 3979 1596 4042 illud

473 4096 681 4160 Graecorum:
703 4093 771 4165 ὄνος
790 4098 865 4176 πρὸς
885 4095 989 4176 λύραν.
1010 4132 1054 4138 -
1073 4093 1183 4170 eitius,
1209 4097 1330 4177 potius.
1352 4094 1399 4159 Of.
1420 4092 1485 4157 Oia.
1507 4093 1594 4159 Phil.

471 4211 512 4274 H.
537 4211 595 4273 11:
620 4210 737 4272 «eitius
766 4209 945 4285 dixerim»;
967 4210 1037 4273 Liv.
1057 4210 1173 4275 XXIV.
1200 4212 1228 4286 3,
1258 4212 1316 4275 la:
1340 4210 1538 4274 «Morituros
1558 4229 1594 4273 se

473 4325 684 4389 affirmabant
704 4326 811 4401 eitius,
833 4346 932 4406 quam
945 4327 1088 4390 immixti
1104 4326 1294 4390 Bruttiisin
1309 4328 1438 4389 alienos
1450 4326 1552 4390 ritus,
1564 4373 1573 4393 ,
1585 4372 1594 4391 .

473 4443 708 4503 verterentur.»
732 4476 777 4483 —-
795 4440 918 4515 calorii,
942 4462 1036 4504 servo
1056 4442 1204 4503 militari.
1226 4440 1273 4504 Of.
1295 4441 1386 4504 Paul.
1407 4440 1495 4503 Fest.
1517 4460 1542 4503 a.
1562 4459 1592 4504 v.
