3917 5475
792 708 902 753 sarm
916 711 940 755 1.
956 707 1080 754 sa—-aa
1462 693 1496 745 67

371 883 613 966 praetrepidum
625 904 698 947 eor»
714 910 721 961 ;
738 885 860 948 Amob.
871 885 942 948 VIL
955 885 996 950 4:
1017 886 1200 968 «trepidare
1212 889 1360 954 latitia».
1371 889 1496 954 Eodem

373 1000 522 1080 pertinet
541 1001 629 1062 infra
648 1019 694 1062 vs.
716 1001 776 1062 89:
807 999 999 1064 uTrossulus
1029 1002 1180 1067 eacsultat
1207 1005 1262 1080 (sc.
1284 1004 1417 1084 gaudio)
1435 1003 1496 1067 tibi

372 1135 434 1196 per
463 1114 623 1177 subsellia
649 1115 764 1177 levis».
793 1152 838 1157 —
869 1132 947 1178 cuia
975 1115 1134 1181 caiaaiaa
1164 1116 1320 1182 lumbum
1350 1115 1496 1196 latraret,

372 1250 450 1292 eum
470 1231 620 1293 carmina
638 1231 762 1293 lasciva
782 1232 952 1293 recitantis
972 1233 1067 1312 quasi
1079 1231 1285 1296 descendunt
1297 1236 1333 1297 in
1346 1235 1496 1298 lumbum

359 1345 577 1416 auditorum,
599 1345 748 1408 libidinis
768 1345 891 1409 sedem.
912 1345 960 1410 Cf.
981 1347 1054 1410 Juv.
1075 1347 1129 1411 VI.
1151 1349 1345 1413 314-315:

497 1513 578 1570 Nota
600 1513 688 1571 bonae
710 1516 827 1571 secreta
850 1513 923 1585 dece,
946 1534 1015 1572 cum
1038 1512 1114 1573 tibia
1135 1517 1254 1574 liuabos

494 1628 618 1687 Incitat.

329 1785 332 1789 ‚
371 1843 416 1850 -
437 1807 603 1872 tremulo.
621 1857 650 1871 ..
670 1826 781 1886 occsa,
800 1829 898 1871 versu
917 1810 1060 1872 tremula
1085 1829 1165 1872 voce
1190 1811 1418 1891 pronuntiato.
1448 1807 1494 1871 Cf.

372 1922 480 1986 Tibul.
512 1923 536 1985 L
567 1924 597 1996 Q,
628 1923 688 1986 91:
724 1922 784 1985 «Et
811 1923 874 1986 sibi
902 1923 1083 1988 blanditias
1116 1927 1261 1989 tremula
1298 1945 1496 2006 componere

374 2059 488 2102 voce».
509 2076 554 2082 —
573 2037 788 2121 scalpuntur,
808 2039 1009 2118 titillantur;
1039 2042 1078 2104 cf.
1099 2040 1208 2104 Juven
1227 2041 1281 2104 VI.
1306 2041 1497 2104 195-196:

378 2153 485 2237 «quod
514 2155 606 2217 enim
633 2174 701 2217 non
731 2157 852 2218 exeitat
869 2156 996 2237 inguen
1022 2155 1093 2220 Vox
1119 2157 1241 2221 blanda
1270 2161 1302 2220 et
1329 2161 1498 2237 nequam?

374 2271 658 2352 Digitoshabet».

426 2387 464 2450 V.
487 2388 628 2452 ala-223.
656 2386 741 2470 Tua,
759 2389 878 2467 catule,
897 2389 1030 2452 Persius
1061 2390 1244 2471 alloquitur
1261 2391 1396 2470 poetam
1416 2389 1496 2450 reoi-

374 2507 515 2566 tantem.
535 2541 579 2546 —
601 2503 778 2583 uolutaui
798 2525 897 2585 supra
918 2525 964 2569 vs.
989 2507 1018 2569 9.
1050 2505 1190 2570 canities
1212 2509 1244 2568 et
1265 2525 1311 2568 vs.
1331 2506 1382 2568 56.
1397 2503 1498 2584 calae,

373 2640 443 2683 non
463 2639 579 2682 senem
599 2618 772 2700 significat,
791 2620 850 2683 sed
868 2622 969 2684 talem
989 2623 1170 2697 hominem,
1185 2642 1284 2703 quem
1302 2622 1370 2684 vita
1388 2620 1498 2684 libidi-

374 2757 459 2801 nosa
488 2739 566 2798 ante
595 2733 684 2798 diem
712 2756 827 2800 senem
857 2741 889 2800 et
907 2736 1051 2801 debilem
1078 2740 1164 2801 feeit.
1196 2735 1242 2801 Cf.
1273 2736 1404 2800 Petron.
1434 2737 1496 2800 98:

379 2852 543 2915 «Delioiae-
554 2852 633 2924 eius,
655 2872 739 2933 puer
756 2854 926 2931 vetulusr;
946 2854 1043 2918 Mart.
1064 2855 1088 2917 I.
1103 2855 1155 2926 41,
1173 2854 1231 2917 13:
1257 2853 1376 2916 «bucca
1394 2852 1497 2915 vetuli

375 2967 527 3032 cinaedi».
548 3004 591 3010 —
611 2967 780 3031 auriculis
800 2968 925 3033 alicuis
945 2969 1078 3055 callipis
1097 2989 1202 3045 escas,
1224 2968 1298 3032 ideo
1319 2969 1498 3040 resileant

375 3086 452 3148 aliis
471 3103 569 3165 pares
588 3084 796 3164 voluptatem
824 3085 957 3148 lascivis
986 3086 1214 3149 carminibus?
1241 3083 1330 3149 Esca
1358 3082 1497 3148 aucium

255 3208 263 3223 ⁹
375 3205 435 3275 est,
457 3199 546 3281 quod
564 3198 747 3262 iucundum
768 3205 819 3263 est
837 3200 962 3275 auditu,
986 3201 1182 3266 Germanice
1205 3197 1500 3278 Ohccuscluaaus;

375 3318 415 3379 cf.
444 3316 574 3379 Aelian.
603 3315 641 3378 V.
661 3314 703 3378 H
725 3314 782 3379 ΙΠ.
813 3316 852 3380 1:
881 3312 1062 3400 Κατᾴδοεσι
1087 3316 1120 3380 δὲ
1144 3319 1196 3381 καὶ
1221 3314 1343 3401 ὄρνιθες
1361 3366 1368 3379 .
1387 3364 1394 3379 .
1413 3317 1497 3378 ..καὶ

381 3431 521 3497 ἑστιῶσιν
546 3426 580 3495 εὖ
604 3432 690 3519 μάλα
711 3434 767 3504 τὰς
793 3429 903 3504 ἀκοάς.
926 3432 976 3494 De
996 3450 1071 3497 esca
1100 3453 1159 3514 pro
1188 3433 1360 3512 voluptate
1380 3433 1420 3493 cf.
1441 3429 1496 3491 ad-

376 3549 588 3613 notationem
619 3546 662 3610 ad
690 3547 732 3611 IL
768 3548 851 3611 154:
894 3546 1038 3630 «duplici
1065 3550 1100 3611 in
1131 3547 1299 3612 diversum
1338 3544 1497 3609 scindetis

376 3666 510 3729 hamo».
532 3702 571 3707 —
595 3661 760 3728 Articulis
781 3662 905 3747 quibus
926 3667 957 3729 ct
975 3663 1071 3729 dicas
1099 3668 1172 3729 cute
1195 3662 1373 3748 perditus:
1407 3658 1499 3740 alc,-

376 3784 439 3845 hoc
455 3782 529 3844 loco
550 3779 679 3843 codices
699 3779 842 3843 habent:
862 3779 1041 3860 auriculis,
1061 3780 1149 3862 quod
1167 3779 1302 3860 Madvig
1321 3777 1411 3858 (Adv.
1426 3778 1495 3841 orit.

375 3897 417 3961 IL
438 3918 471 3979 p.
496 3896 570 3973 las)
589 3895 752 3958 Prisciani
770 3892 839 3972 (m.
861 3896 890 3959 6.
911 3916 942 3976 p.
965 3896 1041 3975 613)
1059 3898 1254 3959 testimonio
1283 3916 1364 3959 usus
1384 3895 1497 3958 rectis-

377 4015 461 4076 sime
481 4013 517 4075 in
537 4010 695 4075 articulis
715 4012 857 4073 mutavit
875 4014 1050 4094 totumque
1078 4032 1219 4086 versum,
1242 4032 1339 4094 quem
1371 4012 1498 4092 priores

377 4130 579 4208 interpretes
598 4125 763 4207 probabili
782 4127 911 4190 ratione
940 4128 1103 4208 explicare
1127 4147 1198 4191 non
1226 4130 1415 4209 potuerant,
1436 4126 1498 4189 hac

375 4243 549 4307 levissima
576 4242 763 4304 mutatione
786 4240 929 4305 reddidit
949 4244 1188 4324 explicabilem.
1218 4241 1382 4309 Articulis
1408 4243 1498 4305 enim

378 4363 429 4423 est
448 4358 624 4432 ablativus,
647 4360 688 4432 et,
709 4361 747 4420 ut
766 4359 869 4422 etiam
892 4361 976 4439 cutc,
995 4359 1203 4439 iungendum
1229 4379 1305 4421 oum
1331 4354 1498 4441 perditus,

379 4474 503 4557 quibus
524 4477 637 4537 autem
658 4477 708 4537 est
726 4473 857 4537 dativus
878 4478 910 4538 et
928 4472 1140 4537 referendum
1160 4473 1202 4536 ad
1221 4492 1323 4538 escas.
1344 4473 1498 4537 Ceterum

1393 4595 1427 4647 5*
