3917 5475
843 682 953 725 samm
968 682 1011 726 xv.
1450 661 1483 713 33

409 858 526 922 «Dives
547 862 618 922 arat
638 858 788 933 Curibus,
811 862 974 941 quantum
990 878 1061 920 non
1079 859 1205 922 miluus
1226 861 1344 922 errat».
1365 895 1403 903 -

409 972 526 1037 «Hune
547 974 605 1047 ais,
626 974 717 1036 hune
737 972 788 1036 dis
806 974 902 1036 iratis
921 973 1086 1054 genioque
1107 974 1252 1041 sinistre.

405 1088 478 1167 Qui,
499 1089 698 1172 quandoque
717 1091 833 1170 iugum
852 1094 989 1172 pertusa
1009 1089 1050 1152 ad
1070 1090 1215 1171 compita
1233 1088 1313 1169 figit,

405 1203 539 1269 Seriolae
559 1210 706 1270 veterem
724 1211 879 1270 metuens
899 1206 1057 1270 deradere
1076 1206 1204 1275 limum,

404 1320 567 1402 Ingemit:
592 1323 683 1386 «Hoo
701 1324 792 1387 bene.
806 1324 866 1387 sit»
890 1324 1078 1387 tunicatum
1098 1344 1174 1385 oum
1194 1323 1261 1386 salo
1281 1322 1438 1388 mordens
1500 1348 1527 1386 ao

404 1434 510 1519 Carpe,
533 1441 565 1498 et
584 1439 743 1501 farratam
760 1440 874 1520 pueris
892 1437 1129 1521 plaudentibus
1150 1439 1251 1503 ollam

404 1552 595 1617 Pannosam
615 1556 729 1617 faeoem
749 1556 923 1619 morientis
944 1555 1055 1618 sorbet
1075 1556 1200 1619 aretia»

402 1669 446 1730 At
466 1669 495 1731 si
513 1672 634 1732 unotus
654 1690 763 1734 oesses
783 1673 815 1733 et
833 1669 916 1752 figas
935 1671 972 1733 in
991 1674 1066 1733 cute
1086 1671 1203 1739 solem.

402 1783 463 1846 Est
481 1803 585 1866 prope
605 1788 638 1847 te
656 1785 801 1865 ignotus,
823 1786 934 1849 oubito
954 1786 1012 1867 qui
1030 1790 1146 1866 tangat
1166 1789 1198 1848 et
1219 1805 1293 1848 aere

402 1898 571 1981 Despuat:
596 1900 659 1963 «Hi
678 1920 797 1975 mores,
817 1921 1005 1983 penemque
1025 1922 1210 1983 arcanaque
1230 1901 1335 1965 lumbi

402 2013 613 2078 Runoantem
632 2018 758 2098 populo
776 2018 957 2080 marcentis
976 2018 1123 2100 pandere
1142 2018 1278 2081 vulvas!

403 2130 503 2205 Tunc,
525 2150 600 2194 oum
620 2132 763 2195 maxillis
782 2132 978 2197 balanatum
997 2153 1142 2215 gausape
1161 2137 1282 2215 poetas,

403 2245 602 2326 Inguinibus
621 2268 722 2329 quare
741 2247 902 2312 detonsus
921 2249 1074 2329 gurgulio
1095 2252 1225 2314 exstat?

404 2361 557 2443 Quinque
575 2364 764 2445 palestrita²
784 2365 862 2427 lieet
880 2366 951 2428 haee
969 2366 1137 2449 plantaria
1154 2366 1280 2429 vellant

402 2477 578 2560 Elixasque
598 2483 694 2544 nates
712 2479 914 2543 labefactent
934 2481 1058 2562 forcipe
1079 2480 1216 2555 adunca,

403 2593 477 2657 Non
496 2598 610 2658 tamen
628 2596 694 2659 ista
713 2597 792 2659 felix
805 2598 875 2659 ullo
895 2597 1099 2660 mansuescit
1115 2599 1256 2660 aratro».

447 2708 612 2776 Gaedimus
630 2713 733 2795 inque
750 2712 858 2777 vicem
876 2712 1063 2795 praebemus
1083 2732 1178 2776 crura
1198 2712 1336 2794 sagittis.

402 2826 532 2891 Vivitur
551 2829 615 2892 hoo
629 2833 736 2911 paeto
758 2831 805 2892 sio
824 2830 988 2893 novimus.
1009 2830 1072 2893 ilia
1092 2830 1205 2894 subter

404 2941 534 3007 Oaeoum
552 2945 674 3013 miluus
693 2946 804 3020 habes,
827 2945 885 3010 sed
903 2947 972 3010 lato
992 2946 1121 3010 balteus
1142 2965 1222 3009 auro
1298 2952 1300 2960 '

403 3058 566 3141 Praetegit.
587 3061 631 3126 Ut
649 3061 764 3135 mavis,
786 3059 828 3124 da
843 3061 943 3124 verba
964 3065 996 3124 et
1015 3061 1130 3143 deeipe
1150 3080 1281 3135 nervos,

404 3172 439 3238 Si
456 3178 562 3258 potes.
588 3176 785 3258 «Egregium
803 3197 880 3239 oum
898 3197 952 3239 me
970 3177 1093 3239 vicinia
1113 3175 1209 3251 dieat,

403 3291 479 3355 Non
497 3291 670 3358 credamur
693 3293 773 3357 Viso
794 3295 822 3356 si
840 3294 955 3376 palles,
976 3293 1137 3375 improbe,
1155 3312 1304 3367 nummo,

405 3404 439 3470 Si
458 3409 549 3483 facis,
569 3409 607 3472 in
622 3429 745 3491 penem
763 3408 923 3491 quidquid
942 3410 1004 3472 tibi
1022 3410 1114 3473 venit
1135 3428 1294 3484 amarum,

405 3521 440 3587 Si
457 3526 573 3607 puteal
591 3527 697 3589 multa
713 3530 830 3589 oautus
848 3526 954 3589 vibiee
972 3525 1148 3607 flagellas„-

404 3638 613 3722 Nequiquam
630 3643 755 3724 populo
774 3641 905 3705 bibulas
924 3641 1101 3705 donaveris
1121 3661 1227 3705 aures.

403 3753 545 3838 Respue‚
567 3757 655 3838 quod
673 3777 743 3820 non
760 3777 803 3832 es,
825 3757 921 3820 tollat
938 3778 999 3821 sua
1014 3779 1155 3821 munera
1172 3756 1278 3820 cerdo.
1377 3814 1380 3818 .

405 3870 527 3935 Tecum
543 3872 676 3937 habita:
696 3875 797 3947 noris,
820 3893 921 3954 quam
941 3875 984 3936 sit
1002 3874 1064 3936 tibi
1083 3878 1175 3937 eurta
1193 3872 1349 3956 supellex.

415 4603 547 4657 Nemeray:
561 4605 587 4647 Α.
604 4605 681 4646 Persii
694 4606 777 4648 Flacci
792 4606 893 4647 Sotiroe·
