3917 5475
491 699 531 750 84
914 717 1026 762 sirmi
1040 719 1061 762 1.
1081 717 1204 764 ‹ss—sa.

496 900 586 960 ctum
596 892 730 957 deciens
739 915 809 964 non
821 896 996 974 castigavit
1005 895 1047 958 ad
1059 917 1235 977 unguem.»
1250 899 1484 983 Metaphoram
1495 909 1624 988 optime

497 1010 638 1093 explicat
656 1007 838 1089 Porphyrio
856 1008 898 1071 ad
912 1008 993 1073 Hor.
1013 1008 1079 1074 Sat.
1097 1011 1122 1074 L
1141 1013 1171 1086 5,
1190 1013 1230 1076 32
1241 1038 1250 1077 ·:
1274 1015 1481 1083 rTranslatio
1498 1041 1518 1084 a
1534 1043 1624 1086 mar-

497 1124 650 1190 morariis
673 1123 781 1197 ducta,
803 1125 859 1205 qui
879 1125 1052 1190 iuncturas
1072 1146 1280 1192 marmorum
1299 1133 1371 1194 turn
1391 1133 1527 1198 demum
1547 1159 1623 1218 per-

497 1247 600 1307 fectas
618 1241 743 1308 dicunt.
766 1240 793 1303 si
812 1240 935 1320 unguis
960 1240 1180 1321 superductus
1195 1263 1270 1310 ,non
1294 1245 1449 1310 offendat.
1458 1274 1469 1306 s
1495 1249 1624 1315 Sensus

497 1362 547 1423 est
564 1354 940 1438 igiturhuiuscemodi:
968 1360 1081 1436 partes
1111 1357 1249 1438 singulae
1278 1380 1437 1424 versuum
1465 1365 1513 1427 ita
1543 1372 1625 1430 sunt

496 1477 585 1540 inter
603 1493 645 1537 se,
657 1471 851 1542 coniunctae,
872 1474 911 1532 ut
928 1471 965 1535 in
977 1471 1105 1552 pariete
1118 1492 1305 1539 marmoreo
1318 1476 1456 1557 lapides,
1478 1500 1623 1561 quorum

495 1594 650 1655 iunctura
678 1607 807 1667 ungues
837 1584 975 1653 artificis
1003 1586 1132 1667 perlabi
1156 1588 1251 1654 ¹sinit.
1268 1610 1392 1674 —per
1413 1591 1492 1673 leve,
1521 1615 1626 1678 super

495 1711 601 1771 levem
621 1705 780 1786 (planam)
800 1701 1028 1783 superficiem
1057 1704 1096 1765 ci.
1125 1702 1206 1766 Hor.
1238 1702 1304 1767 Sat.
1334 1706 1376 1769 II.
1408 1709 1436 1776 7,
1467 1709 1623 1777 86-87,;

500 1828 604 1888 «teres
624 1823 722 1902 atque
741 1817 913 1889 rotundus,
934 1817 1071 1879 Externi
1087 1839 1130 1880 ne
1150 1818 1231 1899 quid
1249 1821 1359 1883 valeat
1377 1841 1438 1901 per
1462 1823 1531 1889 lece
1550 1848 1624 1889 rno-

495 1940 592 2003 rari».
623 1972 666 1979 —
694 1951 848 1998 severos.
871 1983 901 2006 .‚
930 1951 1077 2017 assequor,
1104 1954 1234 2014 ungues
1262 1935 1398 2000 artificis
1430 1943 1547 2004 severi.
1570 1977 1625 1990 ψ*

496 2050 656 2139 effundat,
674 2052 880 2132 exspectares
898 2047 1040 2132 effupt'et
1049 2069 1060 2128 ;
1077 2048 1133 2111 sed
1146 2049 1288 2119 Persius.
1302 2052 1517 2118 insolitarum
1530 2057 1623 2120 locu-

494 2173 625 2236 tionum
641 2169 799 2248 captator,
818 2165 951 2245 scripsit
967 2163 1132 2248 effundat,
1147 2165 1181 2228 id
1202 2170 1269 2230 est:
1290 2167 1445 2232 iunctura
1458 2173 1528 2233 tam
1542 2178 1624 2254 apta

495 2289 553 2358 est.
574 2288 612 2345 ut
630 2301 760 2362 ungues
779 2281 816 2342 in
834 2300 870 2343 se
889 2284 1065 2361 penetrare
1095 2302 1166 2343 non
1194 2282 1291 2353 sinat.
1314 2282 1373 2346 sed
1392 2285 1487 2365 quasi
1508 2287 1624 2350 eiiciat

495 2422 534 2464 ex
552 2421 596 2462 se.
618 2397 665 2462 Cf.
687 2396 756 2459 Liv.
778 2394 864 2458 XXI.
886 2394 915 2462 3,
941 2395 999 2458 11:
1024 2394 1155 2480 «Equus
1180 2402 1318 2478 repente
1347 2401 1471 2462 corruit
1499 2421 1622 2464 consu-

493 2517 625 2595 lemque
644 2513 776 2592 lapsum
796 2531 895 2591 snper
914 2514 1015 2592 caput
1034 2509 1178 2573 effudit.»
1201 2548 1246 2556 -—
1264 2511 1434 2589 insectare,
1452 2514 1621 2580 iuncturae

493 2648 649 2695 versuum
662 2630 741 2692 sunt
753 2647 895 2697 caesurae,
910 2626 1031 2707 quibus
1044 2627 1184 2707 singulae
1196 2648 1353 2690 versuum
1366 2633 1478 2710 partes
1491 2631 1621 2694 insolu-

492 2749 605 2813 biliter
623 2746 829 2826 coaptantur.
851 2741 990 2809 Caesurae
1011 2746 1123 2805 autem
1143 2742 1320 2806 artificiose
1344 2743 1514 2826 dispositae
1534 2749 1621 2810 mol-

493 2865 560 2926 lem
579 2859 722 2924 reddunt
738 2859 941 2939 rhythmum.
980 2883 982 2886 ·

544 2978 581 3041 V.
603 2976 744 3040 65-68,
775 2970 846 3048 Scit
876 2971 1010 3038 irridere
1040 2978 1100 3036 eto.
1132 2974 1232 3036 verba
1260 2976 1378 3056 populi
1408 2979 1545 3056 poetam
1569 2996 1616 3039 vs.

492 3095 544 3156 53.
565 3091 740 3154 inductum
758 3088 937 3151 laudantis.
958 3125 1002 3135 ψ
1022 3087 1092 3154 Scit
1114 3087 1247 3154 tendere
1268 3108 1401 3153 versum
1420 3087 1499 3154 Non
1520 3111 1618 3157 secus

493 3228 533 3273 uc
551 3208 582 3272 si
601 3206 699 3273 oculo
718 3203 895 3268 miricam
923 3201 1057 3287 deriput
1085 3222 1176 3284 usuc„
1195 3225 1310 3268 versus
1337 3206 1418 3268 facit
1446 3208 1541 3286 quasi
1572 3206 1624 3271 <id¹

496 3325 632 3403 lineum,
651 3321 686 3384 id
706 3324 774 3383 est:
794 3339 909 3381 versus
929 3323 1046 3391 rectos,
1068 3320 1140 3401 lego
1161 3321 1241 3383 artis
1261 3323 1434 3402 periectos.
1457 3321 1503 3385 Of.
1526 3324 1618 3385 loou-

491 3442 618 3503 tionem
636 3438 868 3504 notissimam:
899 3433 945 3498 ud
973 3434 1143 3499 amussim
1173 3436 1308 3519 aliquid
1331 3434 1450 3521 secere'.
1474 3473 1518 3482 -
1539 3440 1615 3501 tcta

491 3556 568 3621 (iore
591 3571 738 3631 versum,
758 3571 891 3616 versum
909 3551 945 3612 in
971 3554 1096 3614 rectam
1115 3553 1241 3615 lineam
1262 3552 1447 3623 extendere,
1469 3558 1507 3616 ut
1526 3554 1617 3615 funi-

492 3673 604 3734 culum
632 3670 740 3732 rubro.
761 3668 869 3730 colore
896 3666 1037 3730 oblitum
1065 3667 1150 3730 fabri
1179 3667 1354 3735 extendere
1386 3668 1504 3738 solent,
1535 3689 1617 3731 oum

491 3793 616 3849 rectam
633 3786 760 3848 lineam
778 3783 895 3846 volunt
914 3784 1032 3845 facere.
1059 3782 1105 3846 Of.
1126 3784 1163 3847 V.
1186 3784 1246 3847 38:
1272 3783 1451 3865 «Adposita
1470 3784 1616 3853 intortos

492 3901 639 3966 extendit
666 3900 780 3981 regula
809 3919 949 3961 mores».
975 3933 1019 3941 υ
1043 3898 1136 3963 oculo
1165 3898 1342 3963 rubricam
1371 3897 1505 3984 deriput
1533 3919 1616 3976 urse,

492 4017 644 4079 hocloco
671 4014 811 4079 rubrica
842 4014 1007 4094 significat
1035 4016 1223 4078 funiculum
1250 4015 1346 4077 illum
1376 4014 1474 4077 rubro
1503 4017 1614 4078 colore

492 4132 640 4200 oblitum,
663 4152 734 4211 quae
757 4131 847 4194 litteo
865 4132 1001 4211 proprie
1020 4136 1165 4199 vocatur.
1185 4150 1249 4212 qua
1268 4130 1353 4192 fabri
1372 4131 1422 4192 uti
1443 4132 1553 4194 solent
1573 4132 1615 4193 ad

491 4252 615 4310 rectam
626 4245 752 4307 lineam
764 4246 960 4309 faciendam.
973 4245 1071 4307 Hanc
1087 4246 1243 4326 derigunt
1259 4246 1364 4308 altero
1382 4246 1476 4308 oculo
1488 4246 1612 4315 clauso,

490 4367 645 4443 utquam
674 4362 921 4423 accuratissime
952 4365 1100 4423 cernant.
1132 4361 1178 4425 Cf.
1209 4361 1344 4424 Lucian.
1366 4360 1611 4442 Icaromenipp.

494 4479 549 4541 lt:
571 4475 657 4541 Ἐπεὶ
676 4480 728 4541 καὶ
748 4480 816 4548 τοὺς
845 4483 990 4549 τέκτονας
1015 4478 1164 4549 πολλάκις
1186 4475 1358 4560 ἑωρακέναι
1379 4498 1430 4559 μοι
1450 4476 1532 4539 ionis
1551 4478 1612 4543 θα·
