3917 5475
896 694 1005 737 SATIRA
1020 695 1048 737 V,
1069 692 1225 740 161—163.

621 867 752 938 Quaeres,
777 867 899 941 quando
920 868 1036 925 iterum
1058 886 1169 943 paveas
1189 870 1362 945 iterumque
1384 874 1485 946 perire

619 981 730 1050 Possis
755 1001 772 1040 o
794 982 907 1040 totiens
928 1001 1042 1042 servus.
1064 984 1137 1055 Quae
1158 983 1248 1043 belua
1268 976 1384 1061 ruptis,

621 1095 697 1156 Cum
719 1098 814 1155 semel
836 1096 950 1172 effugit,
972 1098 1075 1156 reddit
1096 1117 1128 1156 se
1150 1119 1246 1174 prava
1268 1105 1408 1161 catenis‘.>

500 1335 533 1393 et
552 1327 665 1393 Senec.
685 1329 735 1391 De
753 1330 809 1393 vit.
828 1330 877 1393 be.
902 1332 951 1405 16,
970 1333 1009 1395 3;
1033 1332 1124 1407 «Hic,
1139 1334 1195 1415 qui
1215 1335 1257 1397 ad
1277 1338 1449 1416 superiora
1467 1356 1621 1419 progres-

500 1469 555 1512 sus
576 1451 677 1511 estet
697 1449 797 1511 altius
826 1468 860 1511 se
890 1449 1015 1523 extulit,
1045 1449 1155 1512 laxam
1174 1455 1326 1513 catenam
1346 1452 1450 1514 trahit
1468 1455 1621 1517 nondum

498 1563 591 1638 liber,
611 1565 679 1626 iarn
699 1567 813 1626 tamen
827 1584 888 1646 pro
906 1563 1043 1627 libero.»
1059 1602 1103 1608 -
1117 1564 1255 1640 luctato,
1276 1570 1352 1646 post
1370 1588 1528 1648 magnam
1541 1590 1619 1633 con-

498 1680 703 1757 tentionem;
732 1679 770 1741 ol.
805 1677 917 1742 Senec.
948 1679 1021 1742 Nat.
1055 1679 1174 1758 Quaest.
1195 1680 1236 1743 ΙΙ.
1261 1682 1320 1746 17:
1350 1683 1455 1746 «Dum
1472 1684 1621 1747 luctatur

498 1817 558 1878 per
581 1795 747 1859 obstantia
776 1799 874 1877 atque
893 1795 1050 1858 intercisa
1068 1797 1216 1860 vadere.»
1251 1835 1295 1841 —
1324 1798 1463 1874 nodulo,
1492 1800 1620 1863 nodum

498 1916 631 1988 catenae,
651 1912 842 1992 Hungarice
866 1909 1064 1987 lciuczezeca,
1086 1912 1283 1977 Germanice
1303 1911 1513 2000 Kottcuriaq.
1532 1951 1576 1960 -
1596 1937 1620 1980 o

497 2030 583 2095 collo
604 2026 766 2096 trahitur,
778 2046 863 2111 pore
892 2025 995 2113 loaqo
1023 2029 1150 2094 cotonea
1178 2031 1234 2104 ita,
1255 2033 1293 2092 ut
1320 2031 1417 2092 facile
1436 2032 1542 2111 possit
1562 2016 1641 2095 de-¹

498 2165 565 2208 nuo
585 2144 669 2225 capi.

549 2260 585 2323 V.
610 2259 792 2323 161—163.
810 2257 910 2333 Dave,
926 2257 991 2322 cito
1005 2263 1084 2334 etc.;
1106 2263 1193 2322 recte
1211 2261 1356 2325 scholia:
1378 2262 1494 2324 «Hunc
1505 2263 1620 2325 locum

496 2375 537 2438 de
555 2372 733 2437 Menandri
760 2373 923 2436 Eunucho
954 2375 1062 2448 traxit,
1084 2376 1120 2436 in
1140 2396 1204 2457 quo
1222 2377 1352 2439 Davum
1373 2397 1505 2440 servum
1525 2376 1619 2441 Chae-

496 2493 658 2553 restratus
687 2489 882 2552 adulescens
911 2489 1092 2569 alloquitur
1119 2494 1290 2573 tamquam
1313 2512 1426 2557 amore
1446 2490 1620 2574 Chrysidis

496 2606 680 2668 meretricis
690 2605 847 2667 derelicto
861 2605 1015 2686 idemque
1027 2610 1141 2668 tamen
1157 2607 1198 2669 ab
1218 2627 1257 2669 ea
1275 2611 1448 2670 revocatus
1467 2608 1510 2670 ad
1521 2608 1617 2671 illam

496 2720 604 2785 redit.
623 2771 656 2784 ..
679 2721 774 2801 Quod
803 2721 992 2801 exemplum
1020 2721 1147 2785 inducit
1175 2723 1217 2786 ad
1241 2723 1497 2787 similitudinem
1520 2725 1617 2787 vitio-

496 2859 579 2913 rum,
601 2839 759 2919 aquibus
786 2838 939 2900 recedere
968 2858 1038 2900 non
1065 2859 1275 2919 possumus».
1305 2838 1483 2902 Menandri
1501 2840 1617 2902 Eunu-

496 2956 605 3027 chum,
634 2956 671 3016 ut
701 2957 818 3015 notum
839 2958 897 3027 est,
919 2954 955 3015 in
974 2954 1133 3016 Latinum
1161 2955 1333 3017 transtulit
1352 2956 1535 3029 Terentius
1558 2955 1616 3017 sed

496 3069 633 3131 nomina
660 3088 879 3151 personarum
908 3070 1068 3132 mutavit:
1094 3090 1132 3131 ex
1151 3068 1369 3132 Chaerestrato
1391 3072 1481 3133 enim
1500 3069 1617 3132 Phaed-

495 3186 589 3259 riam,
611 3205 650 3247 ex
676 3184 768 3248 Davo
797 3185 1050 3258 Parmenonem,
1081 3206 1119 3247 ex
1146 3184 1305 3266 Chryside
1333 3186 1494 3249 Thaidem
1524 3186 1614 3248 lecit.

495 3301 627 3363 Persius
646 3301 785 3363 nomina
797 3299 1002 3363 Menandros
1021 3302 1168 3376 retinuit,
1184 3302 1241 3364 sed
1253 3305 1373 3383 praeter
1391 3300 1617 3364 Menandrum

495 3418 604 3496 ipsum
626 3417 725 3478 etiam
745 3415 923 3478 Horatium
941 3419 1019 3479 ante
1032 3417 1145 3479 oculos
1164 3417 1290 3492 habuit,
1305 3419 1363 3499 qui
1376 3417 1492 3480 eodem
1506 3437 1616 3479 exem-

494 3532 550 3613 plo
570 3531 675 3593 utitur
694 3529 759 3595 Sat,
790 3532 830 3594 Π.
862 3532 890 3605 3,
923 3533 1108 3596 aea—271.
1134 3553 1204 3595 non
1222 3531 1401 3595 Menandri
1419 3533 1534 3613 ipsius,
1556 3532 1619 3595 sed

494 3648 639 3710 Terentii
658 3649 797 3729 vestigia
816 3648 941 3727 legens.
961 3687 1007 3692 —
1025 3645 1128 3722 Dave,
1157 3648 1293 3727 vulgare
1313 3649 1399 3711 servi
1418 3648 1536 3710 comici
1554 3669 1617 3711 no·

494 3783 580 3825 men.
595 3800 639 3806 —-
652 3761 711 3827 hoo
732 3762 852 3827 crodos
870 3763 992 3844 tabem
1011 3763 1108 3829 iubeo
1129 3786 1204 3827 cum
1217 3764 1437 3837 coniunctivo,
1456 3767 1493 3826 ut
1505 3763 1615 3826 Plaut.

494 3878 580 3941 Men.
602 3878 638 3942 V,
660 3880 690 3950 5,
709 3881 770 3943 52:
795 3880 861 3941 «Tu
881 3901 992 3944 servos
1011 3881 1088 3943 iube
1108 3882 1197 3944 huno
1216 3879 1330 3942 adme
1351 3881 1491 3953 ferant»,
1510 3876 1616 3942 Stich.

491 3994 532 4057 Il.
555 3995 584 4070 T,
606 3997 666 4059 71:
692 3996 786 4058 «iube
806 3996 949 4061 famulos
969 4017 1039 4059 rem
1059 3997 1205 4059 divinam
1223 3996 1307 4057 mihi
1323 3998 1504 4076 apparent»
1519 4017 1528 4069 ;
1541 3994 1615 4057 Ter.

492 4110 611 4173 Heaut.
632 4111 685 4173 Il'.
707 4114 737 4179 d.
761 4113 820 4175 15:
845 4111 939 4175 «iube
959 4117 1123 4175 maneat.»
1146 4148 1191 4155 —
1207 4110 1309 4191 stairo
1328 4109 1462 4175 dolores
1482 4106 1617 4175 Proeto-

491 4225 576 4288 reos
596 4224 750 4293 inteditur.
773 4228 879 4289 amori
898 4248 973 4290 meo
993 4226 1095 4290 finem
1115 4230 1222 4291 facere
1243 4227 1339 4301 vol0;
1360 4228 1512 4288 imitatur
1529 4224 1614 4288 Hor.

493 4339 557 4403 Sat.
579 4340 619 4402 Π.
643 4344 671 4411 3.
693 4343 776 4405 263:
801 4343 870 4405 «An
888 4344 1001 4423 potius
1020 4341 1457 4405 mediterfini1·elabores·2»
1479 4360 1619 4405 —oru-

491 4453 594 4519 ditiis.
613 4508 618 4519 .
638 4509 644 4519 .
667 4477 817 4541 linquent
838 4456 1028 4526 Adrocleas,
1058 4458 1145 4538 quod
1176 4457 1284 4518 facere
1304 4457 1422 4524 solent.
1444 4457 1501 4537 qui
1521 4456 1618 4519 solli-
