<?xml version="1.0" encoding="UTF-8"?>
<!DOCTYPE html PUBLIC "-//W3C//DTD XHTML 1.0 Transitional//EN"
    "http://www.w3.org/TR/xhtml1/DTD/xhtml1-transitional.dtd">
<html xmlns="http://www.w3.org/1999/xhtml" xml:lang="en" lang="en">
 <head>
  <title>
</title>
<meta http-equiv="Content-Type" content="text/html;charset=utf-8" />
  <meta name='ocr-system' content='tesseract 3.04.00' />
  <meta name='ocr-capabilities' content='ocr_page ocr_carea ocr_par ocr_line ocrx_word'/>
</head>
<body>
  <div class='ocr_page' id='page_1' title='image "./satirae00persgoog_0116.png"; bbox 0 0 3917 5475; ppageno 0'>
   <div class='ocr_carea' id='block_1_1' title="bbox 461 659 1178 730">
    <p class='ocr_par' dir='ltr' id='par_1_1' title="bbox 461 659 1178 730">
     <span class='ocr_line' id='line_1_1' title="bbox 461 659 1178 730; baseline 0.024 -18"><span class='ocrx_word' id='word_1_1' title='bbox 461 659 513 713; x_wconf 76' lang='lat'>114</span> <span class='ocrx_word' id='word_1_2' title='bbox 856 683 966 728; x_wconf 74' lang='lat' dir='ltr'>sauma</span> <span class='ocrx_word' id='word_1_3' title='bbox 980 686 1004 728; x_wconf 88' lang='lat'>1.</span> <span class='ocrx_word' id='word_1_4' title='bbox 1023 682 1178 730; x_wconf 64' lang='lat' dir='ltr'>tls—ma.</span> 
     </span>
    </p>
   </div>
   <div class='ocr_carea' id='block_1_2' title="bbox 460 858 1600 4182">
    <p class='ocr_par' dir='ltr' id='par_1_2' title="bbox 460 858 1597 4065">
     <span class='ocr_line' id='line_1_2' title="bbox 460 858 1580 944; baseline 0.007 -24"><span class='ocrx_word' id='word_1_5' title='bbox 460 858 542 921; x_wconf 82' lang='lat' dir='ltr'>dicit</span> <span class='ocrx_word' id='word_1_6' title='bbox 559 858 710 922; x_wconf 77' lang='lat' dir='ltr'>Persius:</span> <span class='ocrx_word' id='word_1_7' title='bbox 736 862 916 940; x_wconf 84' lang='lat' dir='ltr'>«quantum</span> <span class='ocrx_word' id='word_1_8' title='bbox 945 860 1029 922; x_wconf 90' lang='lat' dir='ltr'>mihi</span> <span class='ocrx_word' id='word_1_9' title='bbox 1057 865 1090 923; x_wconf 89' lang='lat' dir='ltr'>te</span> <span class='ocrx_word' id='word_1_10' title='bbox 1118 861 1255 924; x_wconf 89' lang='lat' dir='ltr'>sinuoso</span> <span class='ocrx_word' id='word_1_11' title='bbox 1267 864 1311 924; x_wconf 64' lang='lat' dir='ltr'>‘in</span> <span class='ocrx_word' id='word_1_12' title='bbox 1330 869 1463 944; x_wconf 86' lang='lat' dir='ltr'>pectore</span> <span class='ocrx_word' id='word_1_13' title='bbox 1490 865 1580 928; x_wconf 83' lang='lat' dir='ltr'>fixi».</span> 
     </span>
     <span class='ocr_line' id='line_1_3' title="bbox 460 971 1582 1057; baseline 0.006 -21"><span class='ocrx_word' id='word_1_14' title='bbox 460 1011 505 1017; x_wconf 87' lang='lat'>—-</span> <span class='ocrx_word' id='word_1_15' title='bbox 524 971 651 1037; x_wconf 72' lang='lat' dir='ltr'>areum</span> <span class='ocrx_word' id='word_1_16' title='bbox 668 973 860 1057; x_wconf 69' lang='lat' dir='ltr'>pracordia</span> <span class='ocrx_word' id='word_1_17' title='bbox 877 972 974 1054; x_wconf 79' lang='lat' dir='ltr'>ludit,</span> <span class='ocrx_word' id='word_1_18' title='bbox 987 977 1082 1055; x_wconf 90' lang='lat' dir='ltr'>quasi</span> <span class='ocrx_word' id='word_1_19' title='bbox 1097 974 1303 1041; x_wconf 80' lang='lat' dir='ltr'>ludibundus</span> <span class='ocrx_word' id='word_1_20' title='bbox 1315 979 1475 1042; x_wconf 88' lang='lat' dir='ltr'>interiora</span> <span class='ocrx_word' id='word_1_21' title='bbox 1487 1001 1582 1043; x_wconf 84' lang='lat' dir='ltr'>man·</span> 
     </span>
     <span class='ocr_line' id='line_1_4' title="bbox 461 1087 1582 1175; baseline 0.005 -24"><span class='ocrx_word' id='word_1_22' title='bbox 461 1090 505 1152; x_wconf 90' lang='lat' dir='ltr'>tis</span> <span class='ocrx_word' id='word_1_23' title='bbox 522 1088 606 1151; x_wconf 83' lang='lat' dir='ltr'>vitia</span> <span class='ocrx_word' id='word_1_24' title='bbox 626 1089 849 1170; x_wconf 87' lang='lat' dir='ltr'>reprehendit.</span> <span class='ocrx_word' id='word_1_25' title='bbox 878 1087 1075 1154; x_wconf 67' lang='lat' dir='ltr'>Prieeordiu</span> <span class='ocrx_word' id='word_1_26' title='bbox 1103 1093 1194 1154; x_wconf 89' lang='lat' dir='ltr'>enim</span> <span class='ocrx_word' id='word_1_27' title='bbox 1222 1113 1308 1174; x_wconf 83' lang='lat' dir='ltr'>saepe</span> <span class='ocrx_word' id='word_1_28' title='bbox 1336 1093 1425 1156; x_wconf 92' lang='lat' dir='ltr'>idem</span> <span class='ocrx_word' id='word_1_29' title='bbox 1457 1094 1582 1175; x_wconf 85' lang='lat' dir='ltr'>signifi·</span> 
     </span>
     <span class='ocr_line' id='line_1_5' title="bbox 463 1204 1581 1286; baseline 0.007 -20"><span class='ocrx_word' id='word_1_30' title='bbox 463 1207 548 1280; x_wconf 85' lang='lat' dir='ltr'>eant,</span> <span class='ocrx_word' id='word_1_31' title='bbox 570 1204 657 1285; x_wconf 94' lang='lat' dir='ltr'>quod</span> <span class='ocrx_word' id='word_1_32' title='bbox 676 1210 801 1286; x_wconf 88' lang='lat' dir='ltr'>peetus,</span> <span class='ocrx_word' id='word_1_33' title='bbox 821 1205 856 1268; x_wconf 94' lang='lat' dir='ltr'>id</span> <span class='ocrx_word' id='word_1_34' title='bbox 882 1209 950 1269; x_wconf 88' lang='lat' dir='ltr'>est:</span> <span class='ocrx_word' id='word_1_35' title='bbox 980 1205 1093 1268; x_wconf 91' lang='lat' dir='ltr'>sedem</span> <span class='ocrx_word' id='word_1_36' title='bbox 1122 1207 1245 1283; x_wconf 81' lang='lat' dir='ltr'>animi3</span> <span class='ocrx_word' id='word_1_37' title='bbox 1275 1210 1313 1270; x_wconf 86' lang='lat' dir='ltr'>of.</span> <span class='ocrx_word' id='word_1_38' title='bbox 1346 1209 1464 1272; x_wconf 83' lang='lat' dir='ltr'>Tibull.</span> <span class='ocrx_word' id='word_1_39' title='bbox 1496 1209 1520 1273; x_wconf 92' lang='lat' dir='ltr'>I.</span> <span class='ocrx_word' id='word_1_40' title='bbox 1555 1211 1581 1276; x_wconf 87' lang='lat'>1.</span> 
     </span>
     <span class='ocr_line' id='line_1_6' title="bbox 464 1320 1584 1402; baseline 0.004 -19"><span class='ocrx_word' id='word_1_41' title='bbox 464 1320 614 1383; x_wconf 72' lang='lat'>63—642</span> <span class='ocrx_word' id='word_1_42' title='bbox 639 1341 726 1382; x_wconf 72' lang='lat' dir='ltr'>«non</span> <span class='ocrx_word' id='word_1_43' title='bbox 744 1324 802 1383; x_wconf 90' lang='lat' dir='ltr'>tua</span> <span class='ocrx_word' id='word_1_44' title='bbox 826 1325 905 1384; x_wconf 91' lang='lat' dir='ltr'>sunt</span> <span class='ocrx_word' id='word_1_45' title='bbox 933 1321 1015 1384; x_wconf 91' lang='lat' dir='ltr'>duro</span> <span class='ocrx_word' id='word_1_46' title='bbox 1043 1322 1224 1402; x_wconf 80' lang='lat' dir='ltr'>praecordia</span> <span class='ocrx_word' id='word_1_47' title='bbox 1253 1325 1339 1385; x_wconf 85' lang='lat' dir='ltr'>ferro</span> <span class='ocrx_word' id='word_1_48' title='bbox 1359 1324 1507 1388; x_wconf 76' lang='lat' dir='ltr'>Vincta.»</span> <span class='ocrx_word' id='word_1_49' title='bbox 1540 1362 1584 1369; x_wconf 91' lang='lat'>—</span> 
     </span>
     <span class='ocr_line' id='line_1_7' title="bbox 465 1432 1584 1518; baseline 0.005 -20"><span class='ocrx_word' id='word_1_50' title='bbox 465 1432 564 1518; x_wconf 81' lang='lat' dir='ltr'>ludit,</span> <span class='ocrx_word' id='word_1_51' title='bbox 582 1437 660 1518; x_wconf 87' lang='lat' dir='ltr'>quia</span> <span class='ocrx_word' id='word_1_52' title='bbox 677 1436 839 1500; x_wconf 74' lang='lat' dir='ltr'>Horatius</span> <span class='ocrx_word' id='word_1_53' title='bbox 858 1436 995 1500; x_wconf 93' lang='lat' dir='ltr'>ridendo</span> <span class='ocrx_word' id='word_1_54' title='bbox 1015 1437 1096 1499; x_wconf 84' lang='lat' dir='ltr'>dicit</span> <span class='ocrx_word' id='word_1_55' title='bbox 1113 1457 1237 1501; x_wconf 86' lang='lat' dir='ltr'>verum.</span> <span class='ocrx_word' id='word_1_56' title='bbox 1268 1437 1314 1502; x_wconf 88' lang='lat' dir='ltr'>Cf.</span> <span class='ocrx_word' id='word_1_57' title='bbox 1337 1438 1403 1503; x_wconf 82' lang='lat' dir='ltr'>Sat.</span> <span class='ocrx_word' id='word_1_58' title='bbox 1424 1439 1448 1502; x_wconf 79' lang='lat' dir='ltr'>L</span> <span class='ocrx_word' id='word_1_59' title='bbox 1473 1440 1500 1515; x_wconf 89' lang='lat'>1,</span> <span class='ocrx_word' id='word_1_60' title='bbox 1521 1441 1584 1504; x_wconf 64' lang='lat'>94:</span> 
     </span>
     <span class='ocr_line' id='line_1_8' title="bbox 469 1549 1584 1626; baseline 0.004 -14"><span class='ocrx_word' id='word_1_61' title='bbox 469 1549 652 1614; x_wconf 77' lang='lat' dir='ltr'>«ridentem</span> <span class='ocrx_word' id='word_1_62' title='bbox 671 1551 779 1615; x_wconf 85' lang='lat' dir='ltr'>dieere</span> <span class='ocrx_word' id='word_1_63' title='bbox 807 1572 954 1626; x_wconf 83' lang='lat' dir='ltr'>verum»,</span> <span class='ocrx_word' id='word_1_64' title='bbox 975 1552 1000 1616; x_wconf 94' lang='lat' dir='ltr'>I.</span> <span class='ocrx_word' id='word_1_65' title='bbox 1025 1553 1073 1626; x_wconf 76' lang='lat' dir='ltr'>to,</span> <span class='ocrx_word' id='word_1_66' title='bbox 1108 1554 1254 1616; x_wconf 75' lang='lat'>14-15:</span> <span class='ocrx_word' id='word_1_67' title='bbox 1280 1552 1489 1618; x_wconf 77' lang='lat' dir='ltr'>«Ridiculum</span> <span class='ocrx_word' id='word_1_68' title='bbox 1518 1557 1584 1619; x_wconf 89' lang='lat' dir='ltr'>aori</span> 
     </span>
     <span class='ocr_line' id='line_1_9' title="bbox 466 1665 1585 1750; baseline 0.005 -22"><span class='ocrx_word' id='word_1_69' title='bbox 466 1665 599 1728; x_wconf 83' lang='lat' dir='ltr'>Fortius</span> <span class='ocrx_word' id='word_1_70' title='bbox 619 1671 651 1728; x_wconf 89' lang='lat' dir='ltr'>et</span> <span class='ocrx_word' id='word_1_71' title='bbox 670 1667 791 1731; x_wconf 91' lang='lat' dir='ltr'>melius</span> <span class='ocrx_word' id='word_1_72' title='bbox 810 1688 949 1749; x_wconf 83' lang='lat' dir='ltr'>magnas</span> <span class='ocrx_word' id='word_1_73' title='bbox 968 1668 1165 1750; x_wconf 88' lang='lat' dir='ltr'>plerumque</span> <span class='ocrx_word' id='word_1_74' title='bbox 1186 1673 1275 1732; x_wconf 87' lang='lat' dir='ltr'>seoat</span> <span class='ocrx_word' id='word_1_75' title='bbox 1302 1689 1386 1732; x_wconf 81' lang='lat' dir='ltr'>res».</span> <span class='ocrx_word' id='word_1_76' title='bbox 1407 1707 1452 1714; x_wconf 84' lang='lat'>—-</span> <span class='ocrx_word' id='word_1_77' title='bbox 1473 1667 1585 1734; x_wconf 77' lang='lat' dir='ltr'>Calli-</span> 
     </span>
     <span class='ocr_line' id='line_1_10' title="bbox 465 1779 1587 1866; baseline 0.004 -24"><span class='ocrx_word' id='word_1_78' title='bbox 465 1779 529 1844; x_wconf 78' lang='lat' dir='ltr'>dus</span> <span class='ocrx_word' id='word_1_79' title='bbox 548 1800 691 1847; x_wconf 81' lang='lat' dir='ltr'>eoeeusso</span> <span class='ocrx_word' id='word_1_80' title='bbox 706 1782 877 1866; x_wconf 83' lang='lat' dir='ltr'>populum</span> <span class='ocrx_word' id='word_1_81' title='bbox 897 1780 1102 1866; x_wconf 74' lang='lat' dir='ltr'>suspendere</span> <span class='ocrx_word' id='word_1_82' title='bbox 1120 1801 1217 1866; x_wconf 81' lang='lat' dir='ltr'>uuae,</span> <span class='ocrx_word' id='word_1_83' title='bbox 1237 1785 1293 1866; x_wconf 89' lang='lat' dir='ltr'>qui</span> <span class='ocrx_word' id='word_1_84' title='bbox 1304 1785 1469 1866; x_wconf 89' lang='lat' dir='ltr'>populum</span> <span class='ocrx_word' id='word_1_85' title='bbox 1481 1785 1587 1866; x_wconf 89' lang='lat' dir='ltr'>impe-</span> 
     </span>
     <span class='ocr_line' id='line_1_11' title="bbox 466 1897 1586 1980; baseline 0.003 -22"><span class='ocrx_word' id='word_1_86' title='bbox 466 1898 577 1971; x_wconf 90' lang='lat' dir='ltr'>ritum,</span> <span class='ocrx_word' id='word_1_87' title='bbox 598 1900 637 1960; x_wconf 91' lang='lat' dir='ltr'>ut</span> <span class='ocrx_word' id='word_1_88' title='bbox 654 1898 763 1960; x_wconf 89' lang='lat' dir='ltr'>virum</span> <span class='ocrx_word' id='word_1_89' title='bbox 786 1897 986 1979; x_wconf 73' lang='lat' dir='ltr'>prudentem</span> <span class='ocrx_word' id='word_1_90' title='bbox 1015 1897 1117 1972; x_wconf 81' lang='lat' dir='ltr'>decet,</span> <span class='ocrx_word' id='word_1_91' title='bbox 1148 1901 1332 1962; x_wconf 82' lang='lat' dir='ltr'>contemnit</span> <span class='ocrx_word' id='word_1_92' title='bbox 1359 1899 1586 1980; x_wconf 79' lang='lat' dir='ltr'>iudiciumque</span> 
     </span>
     <span class='ocr_line' id='line_1_12' title="bbox 469 2013 1588 2098; baseline 0.001 -24"><span class='ocrx_word' id='word_1_93' title='bbox 469 2014 541 2075; x_wconf 85' lang='lat' dir='ltr'>eius</span> <span class='ocrx_word' id='word_1_94' title='bbox 560 2034 629 2076; x_wconf 90' lang='lat' dir='ltr'>non</span> <span class='ocrx_word' id='word_1_95' title='bbox 653 2017 765 2089; x_wconf 89' lang='lat' dir='ltr'>ourat;</span> <span class='ocrx_word' id='word_1_96' title='bbox 795 2034 874 2077; x_wconf 88' lang='lat' dir='ltr'>nam</span> <span class='ocrx_word' id='word_1_97' title='bbox 902 2033 988 2079; x_wconf 72' lang='lat' dir='ltr'>erese</span> <span class='ocrx_word' id='word_1_98' title='bbox 1018 2013 1225 2098; x_wconf 70' lang='lat' dir='ltr'>suspendere</span> <span class='ocrx_word' id='word_1_99' title='bbox 1253 2014 1416 2098; x_wconf 80' lang='lat' dir='ltr'>aliquem,</span> <span class='ocrx_word' id='word_1_100' title='bbox 1435 2017 1474 2077; x_wconf 91' lang='lat' dir='ltr'>ut</span> <span class='ocrx_word' id='word_1_101' title='bbox 1500 2013 1588 2095; x_wconf 89' lang='lat' dir='ltr'>apud</span> 
     </span>
     <span class='ocr_line' id='line_1_13' title="bbox 468 2127 1588 2211; baseline 0.003 -23"><span class='ocrx_word' id='word_1_102' title='bbox 468 2127 647 2191; x_wconf 89' lang='lat' dir='ltr'>Horatium</span> <span class='ocrx_word' id='word_1_103' title='bbox 666 2127 744 2207; x_wconf 83' lang='lat' dir='ltr'>(Sat.</span> <span class='ocrx_word' id='word_1_104' title='bbox 767 2129 791 2192; x_wconf 93' lang='grc' dir='ltr'>Ι.</span> <span class='ocrx_word' id='word_1_105' title='bbox 813 2131 842 2203; x_wconf 84' lang='grc'>6,</span> <span class='ocrx_word' id='word_1_106' title='bbox 864 2131 993 2207; x_wconf 77' lang='grc'>5-6.);</span> <span class='ocrx_word' id='word_1_107' title='bbox 1019 2150 1119 2192; x_wconf 77' lang='lat' dir='ltr'>«naso</span> <span class='ocrx_word' id='word_1_108' title='bbox 1145 2129 1321 2211; x_wconf 88' lang='lat' dir='ltr'>suspendis</span> <span class='ocrx_word' id='word_1_109' title='bbox 1342 2128 1470 2192; x_wconf 85' lang='lat' dir='ltr'>adunco</span> <span class='ocrx_word' id='word_1_110' title='bbox 1491 2128 1588 2209; x_wconf 85' lang='lat' dir='ltr'>Igno·</span> 
     </span>
     <span class='ocr_line' id='line_1_14' title="bbox 470 2244 1587 2326; baseline 0.001 -21"><span class='ocrx_word' id='word_1_111' title='bbox 470 2249 553 2312; x_wconf 78' lang='lat' dir='ltr'>tos»,</span> <span class='ocrx_word' id='word_1_112' title='bbox 583 2249 812 2326; x_wconf 75' lang='lat' dir='ltr'>contemptum</span> <span class='ocrx_word' id='word_1_113' title='bbox 841 2245 1014 2325; x_wconf 85' lang='lat' dir='ltr'>signifieat.</span> <span class='ocrx_word' id='word_1_114' title='bbox 1044 2245 1092 2308; x_wconf 90' lang='lat' dir='ltr'>Cf.</span> <span class='ocrx_word' id='word_1_115' title='bbox 1124 2245 1377 2308; x_wconf 68' lang='lat' dir='ltr'>adnotationem</span> <span class='ocrx_word' id='word_1_116' title='bbox 1397 2245 1438 2307; x_wconf 91' lang='lat' dir='ltr'>ad</span> <span class='ocrx_word' id='word_1_117' title='bbox 1458 2266 1505 2307; x_wconf 88' lang='lat' dir='ltr'>vs.</span> <span class='ocrx_word' id='word_1_118' title='bbox 1526 2244 1587 2307; x_wconf 74' lang='lat'>41:</span> 
     </span>
     <span class='ocr_line' id='line_1_15' title="bbox 474 2359 1589 2441; baseline 0 -21"><span class='ocrx_word' id='word_1_119' title='bbox 474 2359 592 2422; x_wconf 85' lang='lat' dir='ltr'>«nimis</span> <span class='ocrx_word' id='word_1_120' title='bbox 623 2362 718 2422; x_wconf 88' lang='lat' dir='ltr'>uneis</span> <span class='ocrx_word' id='word_1_121' title='bbox 747 2361 889 2423; x_wconf 87' lang='lat' dir='ltr'>Naribus</span> <span class='ocrx_word' id='word_1_122' title='bbox 919 2360 1104 2440; x_wconf 83' lang='lat' dir='ltr'>indulges».</span> <span class='ocrx_word' id='word_1_123' title='bbox 1134 2360 1295 2423; x_wconf 73' lang='lat' dir='ltr'>Horatius</span> <span class='ocrx_word' id='word_1_124' title='bbox 1325 2364 1437 2422; x_wconf 88' lang='lat' dir='ltr'>autem</span> <span class='ocrx_word' id='word_1_125' title='bbox 1468 2361 1589 2441; x_wconf 87' lang='lat' dir='ltr'>saepius</span> 
     </span>
     <span class='ocr_line' id='line_1_16' title="bbox 470 2475 1589 2558; baseline 0 -22"><span class='ocrx_word' id='word_1_126' title='bbox 470 2475 558 2545; x_wconf 84' lang='lat' dir='ltr'>dicit,</span> <span class='ocrx_word' id='word_1_127' title='bbox 579 2480 617 2537; x_wconf 94' lang='lat' dir='ltr'>ut</span> <span class='ocrx_word' id='word_1_128' title='bbox 635 2476 694 2557; x_wconf 84' lang='lat' dir='ltr'>Ep.</span> <span class='ocrx_word' id='word_1_129' title='bbox 716 2476 739 2538; x_wconf 94' lang='lat' dir='ltr'>I.</span> <span class='ocrx_word' id='word_1_130' title='bbox 764 2478 790 2543; x_wconf 90' lang='lat'>1.</span> <span class='ocrx_word' id='word_1_131' title='bbox 813 2479 864 2541; x_wconf 88' lang='lat'>70.</span> <span class='ocrx_word' id='word_1_132' title='bbox 886 2497 965 2558; x_wconf 66' lang='lat' dir='ltr'>sqq„</span> <span class='ocrx_word' id='word_1_133' title='bbox 987 2477 1043 2539; x_wconf 92' lang='lat' dir='ltr'>ubi</span> <span class='ocrx_word' id='word_1_134' title='bbox 1062 2476 1225 2557; x_wconf 87' lang='lat' dir='ltr'>populum</span> <span class='ocrx_word' id='word_1_135' title='bbox 1244 2475 1434 2538; x_wconf 87' lang='lat' dir='ltr'>Romanum</span> <span class='ocrx_word' id='word_1_136' title='bbox 1456 2475 1589 2540; x_wconf 74' lang='lat' dir='ltr'>beloium</span> 
     </span>
     <span class='ocr_line' id='line_1_17' title="bbox 469 2591 1591 2677; baseline 0 -25"><span class='ocrx_word' id='word_1_137' title='bbox 469 2592 657 2656; x_wconf 76' lang='lat' dir='ltr'>rrruuorum</span> <span class='ocrx_word' id='word_1_138' title='bbox 676 2593 827 2677; x_wconf 78' lang='lat' dir='ltr'>cupitum</span> <span class='ocrx_word' id='word_1_139' title='bbox 846 2595 903 2670; x_wconf 86' lang='lat' dir='ltr'>(vs.</span> <span class='ocrx_word' id='word_1_140' title='bbox 922 2596 940 2657; x_wconf 87' lang='lat'><strong>7</strong></span> <span class='ocrx_word' id='word_1_141' title='bbox 945 2594 987 2670; x_wconf 81' lang='grc'>6.)</span> <span class='ocrx_word' id='word_1_142' title='bbox 1007 2592 1167 2664; x_wconf 85' lang='lat' dir='ltr'>nominat,</span> <span class='ocrx_word' id='word_1_143' title='bbox 1193 2595 1224 2654; x_wconf 91' lang='lat' dir='ltr'>et</span> <span class='ocrx_word' id='word_1_144' title='bbox 1242 2592 1302 2672; x_wconf 84' lang='lat' dir='ltr'>Ep.</span> <span class='ocrx_word' id='word_1_145' title='bbox 1317 2591 1340 2654; x_wconf 87' lang='grc' dir='ltr'>Ι.</span> <span class='ocrx_word' id='word_1_146' title='bbox 1359 2592 1407 2661; x_wconf 86' lang='lat'>19,</span> <span class='ocrx_word' id='word_1_147' title='bbox 1424 2591 1474 2653; x_wconf 84' lang='lat'>37.</span> <span class='ocrx_word' id='word_1_148' title='bbox 1490 2591 1591 2667; x_wconf 74' lang='lat' dir='ltr'>(enon</span> 
     </span>
     <span class='ocr_line' id='line_1_18' title="bbox 472 2705 1592 2791; baseline -0.002 -22"><span class='ocrx_word' id='word_1_149' title='bbox 472 2729 532 2789; x_wconf 80' lang='lat' dir='ltr'>ego</span> <span class='ocrx_word' id='word_1_150' title='bbox 551 2714 697 2773; x_wconf 79' lang='lat' dir='ltr'>ventosa</span> <span class='ocrx_word' id='word_1_151' title='bbox 725 2709 833 2791; x_wconf 88' lang='lat' dir='ltr'>plebis</span> <span class='ocrx_word' id='word_1_152' title='bbox 860 2708 1016 2789; x_wconf 84' lang='lat' dir='ltr'>suffragia</span> <span class='ocrx_word' id='word_1_153' title='bbox 1044 2710 1189 2786; x_wconf 73' lang='lat' dir='ltr'>venero),</span> <span class='ocrx_word' id='word_1_154' title='bbox 1224 2727 1257 2770; x_wconf 88' lang='lat' dir='ltr'>se</span> <span class='ocrx_word' id='word_1_155' title='bbox 1285 2706 1447 2770; x_wconf 89' lang='lat' dir='ltr'>iudioium</span> <span class='ocrx_word' id='word_1_156' title='bbox 1474 2705 1592 2788; x_wconf 90' lang='lat' dir='ltr'>populi</span> 
     </span>
     <span class='ocr_line' id='line_1_19' title="bbox 472 2822 1592 2902; baseline -0.008 -11"><span class='ocrx_word' id='word_1_157' title='bbox 472 2850 541 2891; x_wconf 89' lang='lat' dir='ltr'>non</span> <span class='ocrx_word' id='word_1_158' title='bbox 569 2847 702 2902; x_wconf 87' lang='lat' dir='ltr'>eurare;</span> <span class='ocrx_word' id='word_1_159' title='bbox 724 2829 763 2890; x_wconf 91' lang='lat' dir='ltr'>ef.</span> <span class='ocrx_word' id='word_1_160' title='bbox 786 2827 887 2889; x_wconf 88' lang='lat' dir='ltr'>etiam</span> <span class='ocrx_word' id='word_1_161' title='bbox 914 2826 994 2888; x_wconf 87' lang='lat' dir='ltr'>Hor.</span> <span class='ocrx_word' id='word_1_162' title='bbox 1025 2822 1131 2888; x_wconf 84' lang='lat' dir='ltr'>Carm.</span> <span class='ocrx_word' id='word_1_163' title='bbox 1161 2824 1201 2887; x_wconf 91' lang='grc' dir='ltr'>Π.</span> <span class='ocrx_word' id='word_1_164' title='bbox 1235 2825 1284 2892; x_wconf 82' lang='grc'>16,</span> <span class='ocrx_word' id='word_1_165' title='bbox 1316 2824 1466 2887; x_wconf 74' lang='lat'>37—40:</span> <span class='ocrx_word' id='word_1_166' title='bbox 1492 2822 1592 2884; x_wconf 81' lang='lat' dir='ltr'>«mihi</span> 
     </span>
     <span class='ocr_line' id='line_1_20' title="bbox 472 2938 1594 3025; baseline -0.007 -19"><span class='ocrx_word' id='word_1_167' title='bbox 472 2964 575 3025; x_wconf 89' lang='lat' dir='ltr'>parva</span> <span class='ocrx_word' id='word_1_168' title='bbox 594 2963 672 3004; x_wconf 88' lang='lat' dir='ltr'>rura</span> <span class='ocrx_word' id='word_1_169' title='bbox 692 2947 724 3005; x_wconf 88' lang='lat' dir='ltr'>et</span> <span class='ocrx_word' id='word_1_170' title='bbox 744 2940 906 3022; x_wconf 85' lang='lat' dir='ltr'>Spiritum</span> <span class='ocrx_word' id='word_1_171' title='bbox 927 2941 1035 3005; x_wconf 85' lang='lat' dir='ltr'>Graiae</span> <span class='ocrx_word' id='word_1_172' title='bbox 1065 2944 1201 3002; x_wconf 87' lang='lat' dir='ltr'>tenuem</span> <span class='ocrx_word' id='word_1_173' title='bbox 1231 2938 1383 3002; x_wconf 84' lang='lat' dir='ltr'>Camenae</span> <span class='ocrx_word' id='word_1_174' title='bbox 1404 2938 1507 3000; x_wconf 89' lang='lat' dir='ltr'>Paroa</span> <span class='ocrx_word' id='word_1_175' title='bbox 1526 2957 1594 2999; x_wconf 91' lang='lat' dir='ltr'>non</span> 
     </span>
     <span class='ocr_line' id='line_1_21' title="bbox 473 3049 1591 3138; baseline -0.009 -15"><span class='ocrx_word' id='word_1_176' title='bbox 473 3060 616 3124; x_wconf 84' lang='lat' dir='ltr'>mendax</span> <span class='ocrx_word' id='word_1_177' title='bbox 634 3059 725 3121; x_wconf 87' lang='lat' dir='ltr'>dedit</span> <span class='ocrx_word' id='word_1_178' title='bbox 745 3064 777 3121; x_wconf 93' lang='lat' dir='ltr'>et</span> <span class='ocrx_word' id='word_1_179' title='bbox 796 3058 981 3138; x_wconf 83' lang='lat' dir='ltr'>malignum</span> <span class='ocrx_word' id='word_1_180' title='bbox 995 3054 1157 3137; x_wconf 84' lang='lat' dir='ltr'>Spernere</span> <span class='ocrx_word' id='word_1_181' title='bbox 1170 3055 1318 3135; x_wconf 83' lang='lat' dir='ltr'>volgus».</span> <span class='ocrx_word' id='word_1_182' title='bbox 1332 3090 1376 3096; x_wconf 83' lang='lat'>—-</span> <span class='ocrx_word' id='word_1_183' title='bbox 1388 3049 1551 3117; x_wconf 80' lang='lat' dir='ltr'>eutlidua.</span> <span class='ocrx_word' id='word_1_184' title='bbox 1565 3101 1591 3114; x_wconf 90' lang='lat'>..</span> 
     </span>
     <span class='ocr_line' id='line_1_22' title="bbox 473 3166 1594 3260; baseline -0.01 -22"><span class='ocrx_word' id='word_1_185' title='bbox 473 3174 688 3260; x_wconf 71' lang='lat' dir='ltr'>suspendere,</span> <span class='ocrx_word' id='word_1_186' title='bbox 708 3174 795 3256; x_wconf 90' lang='lat' dir='ltr'>quod</span> <span class='ocrx_word' id='word_1_187' title='bbox 820 3171 861 3236; x_wconf 93' lang='lat' dir='ltr'>ad</span> <span class='ocrx_word' id='word_1_188' title='bbox 889 3193 988 3235; x_wconf 91' lang='lat' dir='ltr'>usum</span> <span class='ocrx_word' id='word_1_189' title='bbox 1016 3169 1174 3232; x_wconf 87' lang='lat' dir='ltr'>infinitivi</span> <span class='ocrx_word' id='word_1_190' title='bbox 1203 3170 1332 3237; x_wconf 83' lang='lat' dir='ltr'>attinet.</span> <span class='ocrx_word' id='word_1_191' title='bbox 1353 3167 1428 3231; x_wconf 88' lang='lat' dir='ltr'>vide</span> <span class='ocrx_word' id='word_1_192' title='bbox 1458 3166 1594 3229; x_wconf 89' lang='lat' dir='ltr'>adnota-</span> 
     </span>
     <span class='ocr_line' id='line_1_23' title="bbox 474 3290 1594 3373; baseline -0.013 -17"><span class='ocrx_word' id='word_1_193' title='bbox 474 3296 602 3356; x_wconf 85' lang='lat' dir='ltr'>tionem</span> <span class='ocrx_word' id='word_1_194' title='bbox 622 3312 723 3373; x_wconf 90' lang='lat' dir='ltr'>supra</span> <span class='ocrx_word' id='word_1_195' title='bbox 742 3290 783 3353; x_wconf 90' lang='lat' dir='ltr'>ad</span> <span class='ocrx_word' id='word_1_196' title='bbox 801 3311 847 3352; x_wconf 74' lang='lat' dir='ltr'>rs.</span> <span class='ocrx_word' id='word_1_197' title='bbox 870 3291 921 3352; x_wconf 74' lang='lat'>59.</span> <span class='ocrx_word' id='word_1_198' title='bbox 939 3325 984 3331; x_wconf 80' lang='lat'>—</span> <span class='ocrx_word' id='word_1_199' title='bbox 1003 3304 1142 3351; x_wconf 74' lang='lat' dir='ltr'>eueuaao</span> <span class='ocrx_word' id='word_1_200' title='bbox 1158 3338 1183 3351; x_wconf 92' lang='lat'>..</span> <span class='ocrx_word' id='word_1_201' title='bbox 1202 3338 1207 3349; x_wconf 93' lang='lat'><em>.</em></span> <span class='ocrx_word' id='word_1_202' title='bbox 1237 3304 1332 3364; x_wconf 70' lang='lat' dir='ltr'>truse,</span> <span class='ocrx_word' id='word_1_203' title='bbox 1351 3303 1455 3345; x_wconf 88' lang='lat' dir='ltr'>nasus</span> <span class='ocrx_word' id='word_1_204' title='bbox 1484 3301 1594 3344; x_wconf 83' lang='lat' dir='ltr'>exous·</span> 
     </span>
     <span class='ocr_line' id='line_1_24' title="bbox 476 3396 1594 3482; baseline -0.013 -11"><span class='ocrx_word' id='word_1_205' title='bbox 476 3428 541 3482; x_wconf 83' lang='lat' dir='ltr'>sus.</span> <span class='ocrx_word' id='word_1_206' title='bbox 563 3408 597 3471; x_wconf 91' lang='lat' dir='ltr'>id</span> <span class='ocrx_word' id='word_1_207' title='bbox 618 3412 686 3470; x_wconf 91' lang='lat' dir='ltr'>est:</span> <span class='ocrx_word' id='word_1_208' title='bbox 706 3427 818 3472; x_wconf 82' lang='lat' dir='ltr'>nasus.</span> <span class='ocrx_word' id='word_1_209' title='bbox 840 3404 928 3467; x_wconf 90' lang='lat' dir='ltr'>unde</span> <span class='ocrx_word' id='word_1_210' title='bbox 948 3423 1066 3466; x_wconf 87' lang='lat' dir='ltr'>muous</span> <span class='ocrx_word' id='word_1_211' title='bbox 1087 3421 1243 3466; x_wconf 83' lang='lat' dir='ltr'>exeussus</span> <span class='ocrx_word' id='word_1_212' title='bbox 1273 3402 1331 3467; x_wconf 84' lang='lat' dir='ltr'>est.</span> <span class='ocrx_word' id='word_1_213' title='bbox 1352 3398 1442 3461; x_wconf 92' lang='lat' dir='ltr'>idem</span> <span class='ocrx_word' id='word_1_214' title='bbox 1472 3396 1594 3477; x_wconf 84' lang='lat' dir='ltr'>signifi-</span> 
     </span>
     <span class='ocr_line' id='line_1_25' title="bbox 476 3514 1596 3605; baseline -0.012 -18"><span class='ocrx_word' id='word_1_215' title='bbox 476 3528 537 3596; x_wconf 81' lang='lat' dir='ltr'>eat,</span> <span class='ocrx_word' id='word_1_216' title='bbox 555 3523 643 3605; x_wconf 92' lang='lat' dir='ltr'>quod</span> <span class='ocrx_word' id='word_1_217' title='bbox 663 3521 751 3603; x_wconf 90' lang='lat' dir='ltr'>apud</span> <span class='ocrx_word' id='word_1_218' title='bbox 769 3521 947 3584; x_wconf 88' lang='lat' dir='ltr'>Horatium</span> <span class='ocrx_word' id='word_1_219' title='bbox 966 3517 1044 3597; x_wconf 80' lang='lat' dir='ltr'>(Sat.</span> <span class='ocrx_word' id='word_1_220' title='bbox 1066 3518 1090 3581; x_wconf 91' lang='lat' dir='ltr'>I.</span> <span class='ocrx_word' id='word_1_221' title='bbox 1112 3519 1141 3591; x_wconf 73' lang='lat' dir='ltr'>d,</span> <span class='ocrx_word' id='word_1_222' title='bbox 1163 3518 1193 3580; x_wconf 86' lang='lat'>8.</span> <span class='ocrx_word' id='word_1_223' title='bbox 1214 3516 1255 3578; x_wconf 93' lang='lat' dir='ltr'>de</span> <span class='ocrx_word' id='word_1_224' title='bbox 1274 3514 1415 3589; x_wconf 85' lang='lat' dir='ltr'>Luoilio)</span> <span class='ocrx_word' id='word_1_225' title='bbox 1434 3515 1596 3577; x_wconf 78' lang='lat' dir='ltr'>eutuuelee</span> 
     </span>
     <span class='ocr_line' id='line_1_26' title="bbox 479 3629 1595 3716; baseline -0.011 -12"><span class='ocrx_word' id='word_1_226' title='bbox 479 3639 583 3705; x_wconf 64' lang='lat' dir='ltr'>truria.</span> <span class='ocrx_word' id='word_1_227' title='bbox 604 3640 776 3701; x_wconf 81' lang='lat' dir='ltr'>Emunotae</span> <span class='ocrx_word' id='word_1_228' title='bbox 795 3638 887 3699; x_wconf 88' lang='lat' dir='ltr'>naris</span> <span class='ocrx_word' id='word_1_229' title='bbox 908 3639 965 3708; x_wconf 89' lang='lat' dir='ltr'>est,</span> <span class='ocrx_word' id='word_1_230' title='bbox 988 3636 1044 3716; x_wconf 92' lang='lat' dir='ltr'>qui</span> <span class='ocrx_word' id='word_1_231' title='bbox 1059 3635 1168 3715; x_wconf 83' lang='lat' dir='ltr'>aegaei</span> <span class='ocrx_word' id='word_1_232' title='bbox 1183 3638 1215 3695; x_wconf 91' lang='lat' dir='ltr'>et</span> <span class='ocrx_word' id='word_1_233' title='bbox 1226 3630 1383 3714; x_wconf 86' lang='lat' dir='ltr'>prudenti</span> <span class='ocrx_word' id='word_1_234' title='bbox 1404 3631 1454 3691; x_wconf 89' lang='lat' dir='ltr'>est</span> <span class='ocrx_word' id='word_1_235' title='bbox 1474 3629 1595 3692; x_wconf 85' lang='lat' dir='ltr'>animo.</span> 
     </span>
     <span class='ocr_line' id='line_1_27' title="bbox 478 3742 1595 3819; baseline -0.013 -1"><span class='ocrx_word' id='word_1_236' title='bbox 478 3759 593 3819; x_wconf 85' lang='lat' dir='ltr'>eontra</span> <span class='ocrx_word' id='word_1_237' title='bbox 613 3755 734 3817; x_wconf 85' lang='lat' dir='ltr'>stultos</span> <span class='ocrx_word' id='word_1_238' title='bbox 753 3770 909 3816; x_wconf 73' lang='lat' dir='ltr'>mtreoaos</span> <span class='ocrx_word' id='word_1_239' title='bbox 929 3753 1025 3813; x_wconf 88' lang='lat' dir='ltr'>voeat</span> <span class='ocrx_word' id='word_1_240' title='bbox 1044 3751 1128 3812; x_wconf 85' lang='lat' dir='ltr'>Acro</span> <span class='ocrx_word' id='word_1_241' title='bbox 1149 3749 1191 3811; x_wconf 90' lang='lat' dir='ltr'>ad</span> <span class='ocrx_word' id='word_1_242' title='bbox 1209 3747 1289 3810; x_wconf 89' lang='lat' dir='ltr'>Hor.</span> <span class='ocrx_word' id='word_1_243' title='bbox 1312 3744 1378 3809; x_wconf 79' lang='lat' dir='ltr'>Sat.</span> <span class='ocrx_word' id='word_1_244' title='bbox 1400 3744 1424 3806; x_wconf 90' lang='grc' dir='ltr'>Ι.</span> <span class='ocrx_word' id='word_1_245' title='bbox 1445 3746 1476 3812; x_wconf 77' lang='grc'>4,</span> <span class='ocrx_word' id='word_1_246' title='bbox 1499 3744 1528 3807; x_wconf 88' lang='grc'>8.</span> <span class='ocrx_word' id='word_1_247' title='bbox 1550 3742 1595 3805; x_wconf 85' lang='lat' dir='ltr'>Cf.</span> 
     </span>
     <span class='ocr_line' id='line_1_28' title="bbox 481 3860 1597 3943; baseline -0.013 -9"><span class='ocrx_word' id='word_1_248' title='bbox 481 3871 627 3934; x_wconf 80' lang='lat' dir='ltr'>scholia:</span> <span class='ocrx_word' id='word_1_249' title='bbox 662 3871 825 3933; x_wconf 76' lang='lat' dir='ltr'>‹dlxeusso</span> <span class='ocrx_word' id='word_1_250' title='bbox 854 3888 946 3940; x_wconf 87' lang='lat' dir='ltr'>naso,</span> <span class='ocrx_word' id='word_1_251' title='bbox 973 3871 1138 3939; x_wconf 82' lang='lat' dir='ltr'>emuncto,</span> <span class='ocrx_word' id='word_1_252' title='bbox 1160 3864 1249 3927; x_wconf 90' lang='lat' dir='ltr'>unde</span> <span class='ocrx_word' id='word_1_253' title='bbox 1277 3860 1485 3941; x_wconf 85' lang='lat' dir='ltr'>intellegitur</span> <span class='ocrx_word' id='word_1_254' title='bbox 1509 3877 1597 3943; x_wconf 78' lang='lat' dir='ltr'>pou-</span> 
     </span>
     <span class='ocr_line' id='line_1_29' title="bbox 480 3976 1537 4065; baseline -0.008 -19"><span class='ocrx_word' id='word_1_255' title='bbox 480 3986 582 4064; x_wconf 76' lang='lat' dir='ltr'>denti,</span> <span class='ocrx_word' id='word_1_256' title='bbox 603 3991 640 4049; x_wconf 90' lang='lat' dir='ltr'>ut</span> <span class='ocrx_word' id='word_1_257' title='bbox 661 4008 677 4048; x_wconf 91' lang='lat' dir='ltr'>e</span> <span class='ocrx_word' id='word_1_258' title='bbox 697 3986 872 4054; x_wconf 79' lang='lat' dir='ltr'>contrario,</span> <span class='ocrx_word' id='word_1_259' title='bbox 899 3984 955 4065; x_wconf 87' lang='lat' dir='ltr'>qui</span> <span class='ocrx_word' id='word_1_260' title='bbox 976 3982 1071 4045; x_wconf 90' lang='lat' dir='ltr'>stulti</span> <span class='ocrx_word' id='word_1_261' title='bbox 1093 3985 1179 4050; x_wconf 81' lang='lat' dir='ltr'>sunt,</span> <span class='ocrx_word' id='word_1_262' title='bbox 1201 3978 1329 4041; x_wconf 87' lang='lat' dir='ltr'>mueosi</span> <span class='ocrx_word' id='word_1_263' title='bbox 1349 3976 1537 4038; x_wconf 78' lang='lat' dir='ltr'>diduntur».</span> 
     </span>
    </p>

    <p class='ocr_par' dir='ltr' id='par_1_3' title="bbox 535 4088 1600 4182">
     <span class='ocr_line' id='line_1_30' title="bbox 535 4088 1600 4182; baseline -0.017 -16"><span class='ocrx_word' id='word_1_264' title='bbox 535 4103 572 4166; x_wconf 83' lang='lat' dir='ltr'>V.</span> <span class='ocrx_word' id='word_1_265' title='bbox 597 4103 779 4165; x_wconf 65' lang='lat'>119-123.</span> <span class='ocrx_word' id='word_1_266' title='bbox 810 4100 862 4165; x_wconf 85' lang='lat' dir='ltr'>Me</span> <span class='ocrx_word' id='word_1_267' title='bbox 889 4100 1027 4164; x_wconf 80' lang='lat' dir='ltr'>muttire</span> <span class='ocrx_word' id='word_1_268' title='bbox 1056 4094 1181 4182; x_wconf 71' lang='lat' dir='ltr'>uefost</span> <span class='ocrx_word' id='word_1_269' title='bbox 1211 4090 1280 4158; x_wconf 85' lang='lat' dir='ltr'>Nee</span> <span class='ocrx_word' id='word_1_270' title='bbox 1308 4091 1426 4157; x_wconf 67' lang='lat' dir='ltr'>eleuat)</span> <span class='ocrx_word' id='word_1_271' title='bbox 1452 4088 1600 4171; x_wconf 78' lang='lat' dir='ltr'>Respicit</span> 
     </span>
    </p>
   </div>
   <div class='ocr_carea' id='block_1_3' title="bbox 480 4203 1602 4532">
    <p class='ocr_par' dir='ltr' id='par_1_4' title="bbox 480 4203 1602 4532">
     <span class='ocr_line' id='line_1_31' title="bbox 480 4203 1598 4307; baseline -0.014 -26"><span class='ocrx_word' id='word_1_272' title='bbox 480 4220 582 4281; x_wconf 79' lang='lat' dir='ltr'>Ennii</span> <span class='ocrx_word' id='word_1_273' title='bbox 606 4219 715 4292; x_wconf 74' lang='lat' dir='ltr'>rerba,</span> <span class='ocrx_word' id='word_1_274' title='bbox 737 4239 808 4300; x_wconf 82' lang='lat' dir='ltr'>quae</span> <span class='ocrx_word' id='word_1_275' title='bbox 832 4218 991 4307; x_wconf 78' lang='lat' dir='ltr'>leguntur</span> <span class='ocrx_word' id='word_1_276' title='bbox 1015 4213 1104 4294; x_wconf 90' lang='lat' dir='ltr'>apud</span> <span class='ocrx_word' id='word_1_277' title='bbox 1132 4209 1223 4273; x_wconf 90' lang='lat' dir='ltr'>Paul.</span> <span class='ocrx_word' id='word_1_278' title='bbox 1253 4209 1341 4271; x_wconf 85' lang='lat' dir='ltr'>Fest.</span> <span class='ocrx_word' id='word_1_279' title='bbox 1372 4211 1414 4289; x_wconf 77' lang='lat' dir='ltr'>(p.</span> <span class='ocrx_word' id='word_1_280' title='bbox 1449 4206 1521 4268; x_wconf 64' lang='lat'>125.</span> <span class='ocrx_word' id='word_1_281' title='bbox 1552 4203 1598 4266; x_wconf 87' lang='lat' dir='ltr'>ed.</span> 
     </span>
     <span class='ocr_line' id='line_1_32' title="bbox 481 4319 1601 4413; baseline -0.016 -14"><span class='ocrx_word' id='word_1_282' title='bbox 481 4336 696 4408; x_wconf 60' lang='lat' dir='ltr'>&#39;lhewrewku</span> <span class='ocrx_word' id='word_1_283' title='bbox 727 4333 900 4397; x_wconf 78' lang='lat' dir='ltr'>«Muttirez</span> <span class='ocrx_word' id='word_1_284' title='bbox 929 4331 1031 4413; x_wconf 89' lang='lat' dir='ltr'>loqui.</span> <span class='ocrx_word' id='word_1_285' title='bbox 1049 4329 1198 4392; x_wconf 82' lang='lat' dir='ltr'>Ennius:</span> <span class='ocrx_word' id='word_1_286' title='bbox 1228 4323 1348 4389; x_wconf 42' lang='lat' dir='ltr'>thleur</span> <span class='ocrx_word' id='word_1_287' title='bbox 1378 4319 1517 4386; x_wconf 79' lang='lat' dir='ltr'>muttire</span> <span class='ocrx_word' id='word_1_288' title='bbox 1533 4320 1601 4401; x_wconf 86' lang='lat' dir='ltr'>ple·</span> 
     </span>
     <span class='ocr_line' id='line_1_33' title="bbox 481 4434 1602 4532; baseline -0.019 -16"><span class='ocrx_word' id='word_1_289' title='bbox 481 4454 556 4516; x_wconf 91' lang='lat' dir='ltr'>beio</span> <span class='ocrx_word' id='word_1_290' title='bbox 587 4450 756 4532; x_wconf 74' lang='lat' dir='ltr'>piaculum</span> <span class='ocrx_word' id='word_1_291' title='bbox 786 4452 867 4511; x_wconf 84' lang='lat' dir='ltr'>est».</span> <span class='ocrx_word' id='word_1_292' title='bbox 888 4444 1021 4509; x_wconf 84' lang='lat' dir='ltr'>—Nee</span> <span class='ocrx_word' id='word_1_293' title='bbox 1041 4463 1116 4509; x_wconf 72' lang='lat' dir='ltr'>curua</span> <span class='ocrx_word' id='word_1_294' title='bbox 1144 4438 1288 4506; x_wconf 64' lang='lat' dir='ltr'>sepeliet</span> <span class='ocrx_word' id='word_1_295' title='bbox 1316 4439 1401 4500; x_wconf 88' lang='lat' dir='ltr'>Nota</span> <span class='ocrx_word' id='word_1_296' title='bbox 1422 4440 1472 4499; x_wconf 88' lang='lat' dir='ltr'>est</span> <span class='ocrx_word' id='word_1_297' title='bbox 1492 4434 1602 4498; x_wconf 88' lang='lat' dir='ltr'>fabula</span> 
     </span>
    </p>
   </div>
   <div class='ocr_carea' id='block_1_4' title="bbox 0 0 1992 5475">
    <p class='ocr_par' dir='ltr' id='par_1_5' title="bbox 0 0 1992 5475">
     <span class='ocr_line' id='line_1_34' title="bbox 0 0 1992 5475; baseline 0 0"><span class='ocrx_word' id='word_1_298' title='bbox 0 0 1992 5475; x_wconf 95' lang='lat' dir='ltr'> </span> 
     </span>
    </p>
   </div>
  </div>
 </body>
</html>
