3917 5475
897 1377 1125 1459 SATIRA
1153 1377 1226 1461 IV.

547 1682 649 1748 «Bam
667 1683 784 1765 populi
802 1686 943 1745 tractas»
966 1681 1143 1745 barbatum
1162 1682 1231 1743 haec
1252 1680 1346 1743 crede
1367 1682 1581 1761 magistrum*

542 1799 669 1869 Dicere.
692 1797 829 1861 sorbitio
849 1799 939 1861 tollit
958 1818 1057 1880 quem
1077 1796 1149 1860 dira
1168 1799 1282 1860 cicutae

547 1914 637 1993 «Quo
658 1916 786 1977 fretus?
803 1913 864 1976 Dic
883 1914 955 1985 hoc,
977 1914 1091 1995 magni
1109 1913 1237 1995 pupille
1256 1912 1383 1976 Pericli.

460 2087 466 2107 „
543 2028 675 2095 Scilicet
693 2030 867 2110 ingenium
888 2033 920 2092 et
940 2049 1051 2092 rerum
1069 2027 1247 2111 prudentia
1265 2030 1361 2091 velox

469 2172 481 2210 ⁵
540 2147 628 2209 Ante
647 2146 734 2228 pilos
752 2146 853 2216 venit,
875 2144 1015 2207 dicenda
1033 2143 1213 2207 tacendave
1233 2145 1344 2209 ealles.

542 2262 630 2342 Ergo
649 2260 893 2323 ubicommota
913 2262 1017 2322 fervet
1036 2258 1209 2342 plebecula
1227 2260 1303 2332 bile,

542 2377 621 2440 Fert
640 2377 773 2439 animus
793 2377 906 2439 calidae
926 2378 1043 2439 fecisse
1064 2377 1197 2440 silentia
1215 2377 1319 2439 turbes

542 2493 719 2558 Maiestate
738 2514 867 2557 manus.
890 2492 975 2573 Quid
995 2492 1115 2556 deinde
1134 2494 1295 2573 loquere?
1318 2492 1490 2571 «Quirites

456 2679 458 2684 ,
543 2609 634 2672 Hoc»
658 2613 740 2691 puta
764 2630 851 2671 «non
870 2611 997 2671 iustum
1018 2612 1076 2684 est,
1097 2608 1182 2671 illud
1201 2610 1298 2678 male,
1320 2609 1444 2695 rectius
1461 2607 1575 2671 illud».

545 2723 616 2791 Scis
638 2727 763 2789 etenim
782 2726 909 2788 iustum
929 2726 1063 2807 gemina
1083 2724 1285 2808 suspendere
1305 2726 1399 2788 lance

544 2843 710 2925 Ancipitis
730 2843 830 2909 librae.
852 2846 980 2905 rectum
1000 2841 1170 2908 discernis.
1191 2841 1249 2903 ubi
1267 2843 1356 2904 inter

546 2957 653 3021 Curva
673 2958 771 3026 subit.
792 2958 846 3019 vel
865 2978 941 3019 cum
962 2956 1049 3019 fallit
1067 2956 1151 3038 pede
1171 2957 1286 3037 regula
1304 2977 1392 3026 varo⁴

544 3073 587 3135 Et
605 3073 695 3153 potis
715 3093 750 3134 es
769 3074 903 3152 nigrum
921 3074 1002 3134 vitio
1022 3071 1191 3155 praefigere
1212 3073 1313 3135 theta.

545 3188 633 3265 Quin
652 3191 688 3248 tu
708 3188 818 3267 igitur.
842 3206 972 3249 summa
992 3187 1196 3267 nequiquam
1215 3187 1302 3268 pelle
1322 3186 1469 3261 decorus,

471 3333 483 3368 5
544 3304 631 3366 Ante
651 3303 739 3365 diem
759 3304 881 3366 blando
902 3303 1042 3366 caudam
1061 3304 1185 3365 iactare
1204 3304 1337 3385 popello

543 3419 687 3488 Desinis,
709 3421 883 3501 Anticyras
902 3421 1022 3482 melior
1042 3419 1173 3482 sorbere
1194 3426 1366 3482 meracas?

545 3535 624 3614 Quae
644 3534 705 3597 tibi
726 3556 856 3597 summa
875 3534 956 3596 boni
976 3539 1051 3598 est?
1069 3534 1176 3598 Uncta
1196 3535 1316 3597 vixisse
1336 3537 1460 3617 patella

545 3650 684 3734 Semper
703 3656 735 3714 et
755 3651 892 3715 adsiduo
913 3655 1027 3714 curata
1047 3652 1190 3713 cuticula
1211 3651 1305 3714 sole?

544 3767 715 3849 Exspecta⁴
738 3766 828 3829 haud
848 3765 939 3829 aliud
959 3766 1159 3849 respondeat
1179 3767 1249 3828 haec
1268 3787 1362 3828 anus.
1384 3766 1400 3828 Ι
1420 3785 1520 3834 nunc,

550 3881 791 3944 «Dinomaches
812 3903 871 3962 ego
893 3903 984 3943 sum»
1010 3881 1107 3944 suffla
1131 3903 1223 3944 «sum
1243 3881 1434 3945 candidus».
1455 3881 1545 3952 Esto,

544 3996 633 4059 Dum
652 4017 695 4057 no
715 3996 860 4059 deterius
881 3997 989 4079 sapiat
1008 3999 1176 4078 pannucia
1195 3998 1325 4066 Baucis,

545 4111 628 4176 Cum
648 4113 732 4175 bene
752 4113 913 4176 discincto
934 4117 1117 4178 cantaverit
1137 4118 1244 4180 ocima
1263 4138 1404 4180 vernae».

590 4228 633 4292 Ut
652 4249 751 4291 nemo
771 4231 807 4291 in
827 4251 898 4293 sese
918 4234 1060 4315 temptat
1079 4232 1288 4302 descendere,
1309 4255 1417 4302 nenio,

546 4343 611 4407 Sed
628 4343 846 4424 praecedentis
866 4349 1034 4427 spectatur
1053 4349 1198 4411 mantica
1217 4357 1319 4429 tergo,

456 4487 484 4526 25
546 4460 740 4539 Quaesicris:
766 4461 903 4524 «Nostin
921 4461 1046 4525 Vettidi
1065 4464 1229 4545 praedia‘l»
1253 4502 1295 4507 --
1320 4465 1480 4529 «Cumae»
1505 4503 1547 4509 —-
