3917 5475
481 700 535 753 324
897 720 1008 764 sarran
1023 721 1065 764 vr.
1084 716 1206 763 ao—ao.

484 934 528 943 —
548 894 616 963 Neo
637 896 747 961 latinis
766 896 889 960 sollers
911 893 1097 958 turdorum
1116 912 1215 957 nosse
1234 893 1383 970 solioum
1404 892 1611 974 usqueadeo

486 1013 613 1086 sollers,
634 1016 673 1074 ut
692 1032 845 1093 saporem
864 1010 1038 1073 turdarum
1058 1031 1077 1072 a
1094 1030 1212 1091 sapore
1231 1008 1404 1072 turdorum
1424 1006 1613 1071 discernere

486 1147 615 1208 queam.
638 1125 685 1190 Cf.
708 1126 854 1189 soholia:
888 1146 967 1189 «neo
997 1125 1079 1188 adeo
1108 1126 1145 1187 in
1163 1125 1225 1187 hae
1255 1145 1289 1187 re
1309 1122 1450 1187 eallidus
1470 1144 1552 1197 sum,
1573 1126 1613 1185 ut

487 1240 661 1305 turdorum
681 1261 816 1320 sapores
835 1239 1032 1304 disoernam.
1054 1238 1171 1303 Solent
1190 1239 1281 1301 enim
1301 1237 1435 1320 quidam
1452 1238 1537 1319 gulae
1556 1236 1613 1301 de-

487 1355 547 1418 diti
577 1358 678 1417 tantae
707 1355 901 1419 subtilitatis
930 1356 1053 1419 habere
1081 1354 1242 1435 palatum,
1264 1357 1302 1415 ut
1321 1357 1524 1432 eognosoant
1542 1356 1612 1415 tur-

489 1470 558 1542 dos,
580 1472 608 1533 si
628 1472 795 1533 acinarius
814 1491 858 1534 an
877 1472 1034 1534 cellarius
1056 1474 1114 1533 aut
1131 1452 1277 1532 vivarius
1297 1469 1349 1543 sit,
1371 1472 1404 1530 et
1423 1468 1451 1530 si
1469 1485 1614 1531 moscu-

491 1585 609 1649 lussit
637 1606 680 1648 an
699 1586 858 1669 semina.»
882 1624 926 1633 —
946 1587 1068 1662 tenuis,
1093 1585 1261 1650 subtiliter
1288 1581 1546 1658 discernendas3
1571 1584 1613 1645 of.

491 1699 741 1765 adnotationem
772 1701 814 1765 ad
840 1702 877 1766 V.
908 1704 970 1793 93:
1005 1703 1135 1766 «tenvia
1164 1721 1275 1764 rerum
1304 1698 1450 1764 Officia.»
1473 1736 1518 1743 —
1540 1697 1614 1762 sol-

492 1815 576 1888 lers.
593 1866 620 1877 ..
645 1832 755 1898 nosse,
773 1821 810 1880 ut
829 1817 865 1881 V.
888 1818 948 1882 37:
973 1817 1108 1881 «fallere
1129 1816 1266 1879 sollers»
1282 1838 1290 1890 ;
1311 1812 1352 1877 de
1372 1834 1436 1876 usu
1454 1812 1615 1876 infinitivi

491 1931 530 1993 of.
552 1929 803 1996 adnotationem
823 1932 864 1997 ad
882 1934 907 1998 Ι.
930 1935 992 1999 59;
1017 1934 1158 1996 «imitari
1178 1931 1342 1994 mobilis.»
1359 1967 1404 1973 -
1420 1901 1616 2009 lardarum,

407 2055 418 2060 “
492 2044 589 2107 turda
601 2066 680 2126 pro:
699 2046 816 2111 turdus
836 2050 970 2124 femina,
983 2049 1187 2123 insolenter;
1208 2049 1247 2110 of.
1270 2045 1359 2127 Serg.
1375 2046 1458 2127 expl.
1476 2046 1513 2107 in
1527 2044 1615 2109 Don.

493 2180 523 2240 p.
544 2162 619 2235 494,
641 2162 692 2225 ld.
723 2163 800 2241 (GL.
833 2164 881 2227 ed.
912 2164 990 2227 Keil
1018 2168 1040 2227 t.
1069 2163 1138 2240 IV.)
1162 2155 1296 2225 Turdus
1311 2165 1382 2224 erat
1399 2160 1560 2223 Romanis
1581 2161 1618 2222 in

494 2274 621 2339 deliciis
633 2299 640 2351 ;
661 2278 699 2339 of.
720 2276 800 2342 Hor.
823 2277 889 2342 Sat.
907 2278 948 2342 Π.
965 2279 995 2353 5,
1020 2277 1169 2343 10—11:
1194 2275 1330 2339 «turdus
1351 2273 1426 2339 Sive
1446 2274 1538 2337 aliud
1549 2276 1617 2355 pri-

494 2410 571 2452 vum
590 2389 722 2454 dabitur
740 2392 818 2455 tibi»
841 2396 876 2455 vet
894 2393 954 2474 Ep.
975 2394 1000 2457 I.
1034 2393 1083 2467 15,
1104 2392 1256 2458 40—41:
1281 2390 1399 2453 «obeso
1419 2390 1473 2452 Nil
1492 2390 1615 2453 melius

494 2505 633 2582 turdo»;
652 2506 748 2571 Mart.
769 2508 857 2573 XHI.
880 2511 943 2575 92:

655 2668 741 2727 Inter
762 2688 833 2727 aves
854 2668 961 2727 turdus
983 2671 1010 2727 si
1032 2668 1099 2744 quis
1121 2685 1170 2724 me
1190 2665 1293 2723 iudioe
1315 2666 1420 2732 certet,

696 2787 784 2844 Inter
805 2783 1016 2862 quadrupedes
1037 2786 1154 2842 mattea
1175 2781 1275 2857 prima
1297 2781 1393 2856 lepus.

498 3009 542 3016 -
560 2973 701 3055 solivae,
720 2972 799 3055 pro:
821 2993 957 3054 sapore;
979 2990 1133 3052 saporem
1154 2969 1246 3030 enim
1264 2970 1337 3029 tum
1354 2967 1527 3040 sentimus,
1542 2986 1620 3028 oum

470 3172 475 3177 ,
499 3091 561 3154 oibi
581 3092 617 3154 in
637 3112 692 3156 ore
711 3096 826 3156 nostro
858 3090 962 3155 saliva
986 3087 1221 3151 dissolvuntur.
1244 3081 1291 3146 Of.
1313 3082 1409 3163 Prop.
1429 3081 1483 3145 IV.
1505 3081 1535 3156 8,
1558 3081 1620 3144 38:

502 3207 562 3271 «Et
579 3206 796 3289 Methymnaei
816 3207 929 3272 Graeoa
950 3206 1055 3268 saliva
1074 3202 1199 3276 meri»;
1224 3199 1308 3262 Plin.
1330 3198 1367 3262 N.
1388 3197 1430 3261 H.
1452 3197 1536 3260 XIV.
1559 3198 1621 3260 61:

503 3322 623 3388 «Divus
642 3324 812 3405 Augustus
832 3321 985 3387 Setinum
1016 3321 1154 3399 (vinum)
1184 3316 1332 3398 praetulit
1351 3315 1480 3378 eunetis
1500 3317 1533 3376 et
1552 3315 1622 3377 fere

500 3441 603 3504 seeuti
622 3441 799 3521 principes,
822 3440 973 3502 confessa
992 3441 1130 3520 propter
1149 3434 1384 3515 experimenta,
1407 3452 1477 3495 non
1495 3435 1623 3494 temere

499 3554 717 3619 eruditatibus
748 3555 857 3618 noxiis
888 3555 928 3618 ab
961 3575 1000 3616 ea
1030 3537 1175 3628 saliuam
1204 3552 1282 3616 ibid.
1307 3550 1427 3615 XXIII.
1448 3551 1511 3614 40:
1537 3545 1625 3611 «Sua

500 3675 617 3755 auique
637 3675 715 3736 vino
733 3676 838 3738 saliva
858 3671 1136 3736 innocentissima
1156 3672 1236 3731 est».

553 3788 658 3853 Pars
681 3789 808 3854 tertia
836 3792 874 3867 (v.
904 3787 1061 3862 25—33.)
1084 3782 1220 3848 Aurium
1247 3783 1366 3868 troyes
1397 3798 1513 3844 aaaron
1536 3797 1625 3862 pos·

502 3907 582 3969 aiod
601 3905 767 3985 consumi,
797 3923 873 3968 oum
905 3921 1013 3967 nouus
1043 3919 1158 3965 onitas
1186 3897 1366 3963 industriis
1396 3895 1498 3960 etiam
1519 3911 1628 3958 orobos

501 4018 634 4104 fruetus
655 4020 799 4104 offer²dt;
818 4021 856 4093 et,
878 4019 909 4083 ai
929 4017 1041 4083 amieo
1061 4013 1212 4095 auidum,
1237 4012 1321 4097 quio
1339 4009 1527 4096 iaoofroqio
1547 4029 1628 4074 ooa-

504 4135 563 4199 oio
578 4131 739 4217 perdidit,
753 4133 1023 4199 succurrendum
1042 4153 1115 4198 asso
1133 4132 1226 4197 iubet
1242 4130 1405 4216 officiani,
1424 4129 1503 4213 plus
1521 4127 1630 4193 etiam

502 4247 698 4332 sarciendam
718 4253 767 4314 osi
787 4252 817 4313 ot
836 4269 890 4314 ros
911 4249 1104 4332 familiolis
1124 4245 1371 4312 iuimiitaaodo.

556 4364 592 4427 V.
615 4365 755 4428 le—ao.
786 4364 892 4430 Masso
912 4367 1008 4428 terrim
1026 4363 1171 4448 proprio
1194 4362 1266 4427 vioe
1277 4384 1288 4443 ;
1316 4381 1474 4424 consume
1494 4379 1634 4423 annuos

505 4481 629 4542 fruetus
654 4499 807 4559 agrorum
836 4484 981 4554 tuorum,
1014 4479 1160 4542 sednon
1188 4479 1293 4559 plura.
1315 4515 1360 4521 -—
1377 4477 1550 4562 orari-oria
1568 4529 1575 4542 .
1595 4529 1602 4542 .
1624 4529 1633 4543 .
