3917 5475
448 707 484 758 88
868 725 1018 770 smmi.
1036 724 1160 773 πει-75.

449 905 578 986 plicant
595 904 723 967 scholia
741 904 851 966 verbis
868 902 1048 966 Varronis:
1072 903 1193 967 «l'arro
1214 905 1260 967 sic
1280 907 1347 968 ait:
1367 904 1485 968 Palilia
1505 910 1578 969 tam·

449 1020 579 1100 privata
598 1039 699 1100 quam
717 1019 851 1098 publica
879 1021 959 1080 sunt
978 1021 1012 1079 et
1032 1021 1083 1079 est
1102 1038 1208 1098 genus
1228 1020 1409 1083 hilaritatis
1429 1024 1462 1083 et
1480 1021 1577 1084 lusus

449 1133 540 1215 apud
555 1136 706 1201 rusticos.
719 1142 759 1196 ut
769 1135 937 1214 congestis
952 1152 1027 1196 aum
1041 1134 1128 1195 faeno
1142 1135 1276 1215 stipulis
1289 1135 1402 1215 ignem
1414 1156 1577 1216 magnum

450 1250 669 1316 transsiliant.
699 1248 787 1330 quod
815 1248 887 1312 Pali
905 1250 1035 1311 faciunt
1059 1268 1132 1311 eam
1157 1269 1192 1312 se
1213 1250 1344 1329 expiare
1369 1250 1576 1314 credentes».

450 1364 578 1428 Eodem
605 1367 777 1445 pertinent
803 1363 873 1429 Tib.
902 1365 995 1432 115.
1018 1365 1171 1429 87-902
1196 1365 1256 1427 «Et
1275 1365 1429 1430 madidus
1444 1366 1577 1430 Baccho

453 1501 514 1544 sua
532 1481 619 1544 festu
637 1480 757 1544 Palilia
774 1487 890 1561 pastor
917 1481 1104 1544 Continet.
1123 1531 1130 1544 .
1148 1530 1157 1543 .
1178 1481 1239 1543 Ille
1258 1482 1342 1544 levis
1362 1482 1494 1563 stipulae
1512 1484 1577 1546 sol-

450 1598 572 1660 lemnis
590 1602 691 1678 potus
714 1616 849 1659 acervos
872 1595 1048 1662 Ascendet
1077 1595 1231 1658 flammas
1254 1597 1505 1678 transsilietque
1526 1617 1577 1659 sa-

451 1732 542 1774 cras»
566 1716 599 1773 et
618 1711 714 1793 Prop.
735 1711 788 1774 Π.
809 1713 839 1781 t.
861 1713 1013 1776 77—78:

571 1878 710 1954 Cumque
731 1897 824 1954 super
843 1897 931 1936 raros
951 1879 1026 1936 faeni
1046 1876 1236 1936 flammantis
1258 1897 1381 1937 acervos

611 1995 728 2054 'Proicit
747 1994 925 2053 immundos
946 1995 1032 2053 ebria
1053 1993 1144 2053 turba
1165 1995 1274 2069 pedes;

452 2178 510 2238 ov.
531 2176 620 2239 Fast
641 2176 694 2238 Il'.
717 2176 866 2239 71--721

573 2341 707 2416 Moxque
728 2360 785 2416 per
805 2341 949 2401 ardentes
971 2341 1092 2414 stipula
1114 2343 1297 2415 crepitantis
1319 2360 1442 2399 acervos

612 2458 747 2515 Traicies
769 2457 861 2516 celeri
883 2461 1008 2516 strenua
1031 2456 1169 2514 membra
1190 2455 1276 2531 pede.

515 2639 642 2704 Patala
662 2641 776 2726 faeno,
804 2640 921 2704 eadem
948 2641 1049 2702 verba
1076 2641 1112 2702 in
1140 2639 1206 2701 fine
1226 2658 1341 2701 versus
1361 2638 1461 2701 habet
1481 2638 1578 2720 Prop.

453 2758 506 2821 IV.
531 2759 557 2825 1.
582 2758 641 2821 19:
666 2759 870 2839 «Annuaque
890 2778 1030 2820 accenso
1051 2756 1216 2819 celebrare
1236 2755 1354 2818 Palilia
1373 2755 1491 2817 iaeno».
1574 2774 1576 2779 ·

507 2872 544 2935 V.
563 2873 581 2934 7
586 2872 704 2935 3--75.
728 2869 822 2937 Unde
833 2871 960 2936 Remus
973 2872 1135 2955 sulcoque
1149 2875 1259 2935 tereus
1273 2868 1435 2951 dentalia,
1450 2869 1578 2948 Quinti,

454 2987 576 3050 idest:
597 2989 665 3051 ruri
685 2990 756 3050 uati
786 2994 866 3051 sunt
896 2995 930 3050 et
959 2990 1061 3050 vitam
1092 2988 1250 3048 rusticam
1271 2985 1425 3047 colebant
1442 2985 1577 3051 Remus.

454 3102 608 3164 eonditor
625 3102 717 3165 urbis
735 3102 859 3165 Romae.
882 3109 915 3165 et
934 3102 1164 3169 Cincinnatus.
1185 3100 1297 3162 liberae
1317 3100 1507 3180 reipublicae
1524 3099 1579 3162 de·

454 3236 521 3284 eus.
540 3219 705 3299 ceterique
722 3224 851 3280 veteres
867 3218 1020 3284 Romani.
1039 3237 1180 3297 quorum
1200 3217 1321 3277 virtute
1337 3215 1443 3277 Roma
1460 3218 1580 3295 potens

455 3335 543 3396 facta
562 3339 621 3397 est.
643 3334 724 3397 Tota
743 3335 846 3414 igitur
864 3334 1013 3395 narratio
1034 3338 1110 3413 apte
1131 3333 1275 3394 cohaeret
1295 3350 1370 3392 cum
1389 3329 1487 3392 laude
1505 3330 1579 3392 vitae

458 3451 596 3513 rusticae.
619 3451 665 3513 cf.
688 3472 760 3531 quas
779 3450 945 3530 Vergilius
977 3449 1047 3518 (Ge.
1069 3448 1110 3510 Π.
1133 3447 1333 3523 ssa-534.)
1353 3446 1433 3508 dicit
1452 3444 1492 3507 de
1512 3446 1580 3507 vita

457 3566 599 3630 rustica:

576 3708 667 3765 Hanc
689 3708 763 3764 olim
785 3711 903 3765 veteres
925 3709 1022 3764 vitam
1044 3705 1165 3762 coluere
1187 3702 1327 3786 Sabini,¹

578 3821 668 3879 Hane
690 3822 803 3879 Romus
826 3827 857 3879 et
877 3823 984 3890 frater,
1006 3822 1048 3878 sio
1070 3820 1158 3877 fortis
1180 3818 1304 3876 Etmria
1327 3818 1431 3886 erosit,

580 3938 702 3994 Scilicet
724 3940 754 3994 et
776 3956 880 3995 rerum
902 3937 981 3994 facta
1005 3939 1050 3993 ast
1073 3935 1278 4009 pulcherrima
1300 3932 1407 3991 Roma.

458 4179 502 4185 --
519 4141 680 4224 atticoque
697 4145 806 4205 tereus
824 4142 990 4218 (lentullo,
1007 4141 1137 4221 (laicali,
1150 4141 1234 4204 Gisia
1251 4146 1327 4206 eta:
1346 4144 1379 4202 et
1395 4144 1440 4206 tn.
1456 4138 1579 4217 Quinti.

459 4258 516 4338 qui
536 4258 647 4323 arasti.
667 4278 743 4319 cnm
763 4261 823 4319 etc.
842 4255 987 4322 Deulale
1008 4264 1057 4319 est
1076 4258 1215 4337 lignum.
1237 4258 1272 4318 in
1293 4254 1381 4336 quod
1401 4274 1514 4316 vomer
1532 4254 1580 4314 in·

461 4371 654 4437 troducitur.
677 4392 754 4451 ergo
774 4369 926 4436 dentalia
945 4373 1039 4437 sulco
1068 4375 1182 4447 terere,
1204 4372 1388 4452 significat:
1409 4390 1512 4432 arare.
1535 4368 1580 4432 Cf.

460 4487 555 4568 Verg.
578 4488 635 4551 Ge.
659 4488 682 4550 l.
704 4488 768 4549 tt:
801 4488 910 4549 «sulco
940 4488 1074 4549 attritus
1104 4488 1336 4566 splendescere
1367 4506 1510 4549 vomer».
