3917 5475
486 666 521 719 22
972 687 1084 731 simas
1097 686 1121 733 1.

487 864 625 945 Pinguis
644 863 853 945 aqualiculus
872 882 1040 945 propenso
1061 861 1257 945 sesquipede
1278 866 1391 929 exstet.
1472 894 1475 901 ·

488 978 624 1053 Olane,
645 999 664 1042 a
683 983 776 1059 tergo
796 998 895 1059 quem
913 978 1009 1041 nulla
1026 979 1155 1041 ciconia
1174 980 1288 1061 pinsit,

487 1095 554 1157 Nec
572 1112 693 1157 manus
712 1094 880 1158 auriculas
898 1094 1026 1157 imitari
1044 1095 1180 1158 mobilis
1200 1095 1301 1165 albas,

442 1237 471 1276 es·
486 1210 553 1273 Nec
572 1209 704 1290 linguae,
725 1213 887 1291 quantum
908 1210 1001 1273 sitiat
1019 1211 1112 1274 oanis
1131 1212 1249 1292 Apula,
1271 1215 1382 1276 tantae.

486 1326 563 1399 Vos,
584 1344 603 1389 ο
622 1325 782 1407 patricius
802 1324 947 1405 sanguis.
969 1344 1052 1406 quos
1070 1327 1181 1390 vivere
1202 1329 1252 1389 ias
1272 1330 1323 1393 est

488 1440 627 1523 Occipiti
646 1458 740 1513 eaeo,
760 1440 895 1521 posticae
914 1441 1076 1505 occurrite
1096 1462 1219 1509 sannae.

532 1555 613 1635 Quis
630 1555 748 1637 populi
767 1574 876 1618 sermo
896 1559 973 1619 est?
992 1554 1073 1634 Quis
1094 1557 1193 1631 enim,
1215 1558 1281 1620 nisi
1301 1560 1449 1622 carmina
1468 1558 1578 1625 molli.

487 1674 582 1736 Nunc
600 1669 734 1734 demum
753 1690 894 1733 numero
909 1670 1023 1745 fluere,
1044 1676 1082 1735 ut
1100 1692 1160 1755 per
1178 1674 1250 1735 lave
1271 1693 1401 1737 severos

442 1818 469 1856 a
486 1786 643 1851 Effundat
661 1787 818 1849 iunctura
834 1791 991 1867 ungues?
1014 1811 1025 1843 c
1032 1785 1100 1850 Scit
1119 1787 1257 1851 tendere
1272 1808 1411 1852 uersum

487 1905 561 1967 Non
580 1922 684 1973 secus,
706 1921 744 1964 ac
764 1901 792 1963 si
812 1901 908 1963 oculo
928 1901 1094 1965 rubricam
1114 1901 1242 1983 derigat
1261 1922 1339 1966 uno.

487 2019 562 2084 Sive
582 2038 666 2101 opus
684 2018 721 2080 in
740 2037 859 2092 mores,
879 2018 1058 2093 inlusum,
1079 2020 1116 2081 in
1134 2018 1275 2101 prandia
1294 2040 1409 2101 regum

485 2137 611 2208 Dicere,
632 2152 685 2197 res
704 2131 846 2214 grandes
859 2137 979 2195 nostro
1000 2132 1056 2196 dat
1075 2132 1172 2197 Musa
1190 2138 1326 2216 poctae.»

486 2252 569 2312 Ecce
588 2247 687 2311 modo
706 2248 827 2311 heroas
847 2268 965 2311 sensus
985 2247 1114 2311 adferre
1133 2247 1285 2312 videmus
1302 2224 1309 2237 ⁸

442 2394 469 2434 ro
486 2366 611 2447 Nugari
630 2365 746 2428 solitos
767 2363 888 2438 Graece,
910 2385 971 2426 nec
991 2384 1117 2447 ponere
1137 2367 1249 2428 lucum

486 2480 645 2553 Artifices,
666 2500 727 2542 nec
746 2500 803 2542 ms
823 2483 973 2542 saturum
993 2479 1138 2554 laudare,
1159 2480 1218 2543 ubi
1236 2481 1351 2544 corbas

485 2599 527 2661 Et
543 2598 636 2660 iocus
656 2597 688 2656 et
705 2594 797 2676 porci
817 2596 850 2655 et
869 2594 1001 2657 fumosa
1023 2594 1141 2657 Palilia
1161 2595 1256 2668 faeno,

485 2712 580 2780 Unde
598 2710 723 2776 Remus
743 2710 900 2791 sulcoque
919 2714 1031 2773 terens
1050 2709 1207 2787 dentalia,
1230 2712 1355 2792 Quinti,

485 2833 567 2897 (lum
587 2829 715 2911 trepida
735 2833 813 2892 ante
831 2830 933 2892 boves
952 2828 1148 2892 dictatorem
1167 2830 1278 2894 induit
1296 2851 1380 2894 uxor

439 2975 467 3014 rs
484 2950 526 3012 Et
544 2953 602 3011 tua
615 2949 731 3009 aratra
749 2943 886 3007 domum
904 2945 1002 3007 lictor
1020 2946 1106 3008 tulit.
1132 2946 1232 3027 Euge,
1253 2949 1368 3028 poeta!

528 3063 588 3126 Est
606 3081 705 3133 nunc,
726 3059 842 3123 Brisaei
862 3080 960 3142 quem
976 3081 1122 3126 venosus
1141 3062 1226 3125 liber
1243 3062 1330 3131 Acci,

451 3222 455 3232 ·
485 3180 578 3252 Sunt,
600 3196 683 3258 quos
702 3176 929 3256 Pacuviusque
950 3179 983 3237 et
1001 3196 1177 3239 verrucosa
1197 3181 1345 3240 moretur

483 3296 638 3377 Antiopa,
659 3291 834 3358 aerumnis
853 3310 911 3357 cor
931 3291 1146 3374 luctificabile
1165 3292 1262 3376 fulto.

484 3412 555 3474 Hos
574 3409 686 3493 pueris
703 3407 851 3471 monitus
870 3410 982 3488 patres
1001 3407 1177 3470 infundere
1197 3409 1306 3491 lippos

438 3554 467 3592 ss
483 3528 566 3592 Cum
581 3525 704 3597 videas,
730 3523 902 3604 quaerisne,
924 3521 1013 3585 unde
1033 3524 1102 3585 haec
1122 3528 1253 3604 sartago
1273 3524 1431 3605 loquendi

482 3643 619 3709 Venen't
636 3641 674 3703 in
692 3640 833 3719 linguas,
853 3637 943 3700 unde
960 3639 1051 3701 istud
1071 3638 1222 3715 dedecus,
1242 3641 1280 3702 in
1299 3661 1387 3721 quo„

483 3757 659 3821 Trossulus
679 3756 820 3817 exsultat
838 3755 900 3817 tibi
918 3776 978 3836 per
997 3755 1155 3818 subsellia
1174 3757 1280 3820 levis?

528 3873 626 3936 Nilne
645 3868 747 3952 pudet
766 3871 868 3951 capiti
887 3891 956 3932 non
975 3891 1074 3951 posse
1093 3872 1240 3952 pericula
1257 3893 1339 3934 cano

483 3990 618 4061 Pellem,
640 3985 721 4066 quin
739 3984 889 4066 tepidum
909 3985 972 4046 hoc
992 3989 1086 4066 optes
1106 3985 1219 4047 audire
1248 3987 1458 4054 edocentem?

437 4134 465 4171 ss
487 4105 572 4168 «Fur
592 4123 644 4165 es»
668 4101 715 4163 ait
734 4098 844 4162 Pedio,
866 4099 987 4163 Pedius
1007 4099 1111 4181 quid?
1130 4097 1277 4164 Crimina
1296 4105 1380 4167 rasis

484 4220 597 4284 Librat
616 4217 653 4279 in
672 4215 856 4288 antithetis,
878 4215 992 4278 doctas
1011 4216 1164 4297 posuisse
1182 4215 1304 4297 figuras

482 4334 670 4401 Laudatur:
695 4329 844 4392 «Bellum
863 4329 957 4392 hoc».
975 4329 1047 4392 Hoc
1067 4330 1218 4395 bellum?
1235 4335 1296 4408 An,
1313 4333 1466 4410 Romule,
1481 4341 1606 4402 cevas?

483 4454 562 4518 Men
579 4450 737 4511 moveat?
756 4444 886 4527 Quippe
906 4450 938 4507 et
957 4450 1070 4508 cantet
1090 4447 1116 4508 si
1136 4449 1326 4529 naufragus,
1349 4470 1459 4514 assem
