3917 5475
470 611 504 662 86
888 631 999 674 samm
1013 631 1035 675 1.
1053 627 1173 674 70—72.

471 812 576 874 tullus
595 815 628 873 et
646 809 817 873 Horatius.
838 807 886 873 Cf.
907 807 977 872 Cat.
998 808 1023 872 L
1044 809 1084 871 d:
1110 807 1222 871 «Meas
1242 829 1314 870 esse
1335 807 1462 890 aliquid
1481 815 1598 891 putare

472 946 597 1007 nugas»
614 948 621 999 ;
641 924 722 988 Hor.
743 924 804 1005 Ep.
826 923 850 988 L
874 925 923 991 19.
944 924 1008 986 Ab:
1033 921 1183 1002 «Scripta
1202 922 1306 1003 pudet
1326 923 1465 986 recitare
1486 928 1520 987 et
1538 946 1598 989 nu-

474 1041 525 1120 gis
543 1038 663 1102 addere
682 1040 846 1121 pondus»,
876 1039 937 1120 Ep.
969 1038 1011 1101 H.
1042 1039 1072 1104 b.
1097 1038 1178 1101 141:
1208 1037 1392 1100 «Nimirum
1413 1059 1531 1120 sapere
1551 1046 1601 1104 eat

475 1156 613 1218 abiectis
636 1155 718 1218 utile
737 1157 868 1236 nugis.»
890 1193 935 1199 —
959 1151 1086 1234 Graeee,
1107 1151 1222 1217 Graeca
1240 1159 1397 1234 poemata
1418 1157 1601 1236 saepissime

475 1272 681 1352 scripserunt
707 1271 860 1339 Romani,
890 1270 1079 1352 praesertim
1099 1288 1263 1349 proceres.
1289 1269 1365 1350 Ipse
1385 1268 1548 1335 Horatius
1568 1293 1601 1334 se

475 1386 539 1449 hoe
567 1387 683 1449 fecisse
713 1387 838 1449 fatetur
868 1384 935 1449 Sat
965 1386 990 1448 I.
1023 1386 1073 1455 10,
1105 1384 1256 1447 31—32:
1291 1385 1416 1465 «Atque
1447 1406 1507 1466 ego
1528 1406 1602 1448 cum

478 1501 609 1565 Graeeos
629 1504 773 1564 facerem
790 1504 891 1563 natus
911 1521 1005 1563 mare
1025 1501 1108 1562 citra
1126 1498 1350 1563 Versiculos».

531 1616 569 1680 V.
591 1617 731 1680 70—72.
752 1634 813 1679 nee
826 1633 955 1698 ponere
976 1614 1092 1679 laeum
1112 1612 1268 1697 Artifices
1288 1634 1349 1680 two
1367 1633 1429 1678 rus
1444 1617 1604 1680 solutum

481 1729 645 1810 leudare‚·
664 1732 802 1794 heroum
818 1731 907 1792 facta
926 1730 1092 1792 celebrare
1109 1730 1227 1793 volunt
1241 1734 1349 1812 poetae
1370 1732 1463 1804 tales,
1486 1731 1604 1812 quibus

479 1867 523 1910 ne
539 1845 581 1908 ad
592 1847 724 1908 minora
736 1844 879 1926 quidem,
898 1866 970 1926 quae
988 1847 1056 1908 iam
1072 1846 1108 1908 in
1125 1847 1215 1909 locos
1228 1866 1425 1909 communes
1439 1846 1602 1916 abierunt,

480 1962 592 2042 qualia
612 1965 692 2024 sunt
709 1960 776 2022 luci
795 1960 974 2041 descriptio
1005 1964 1038 2023 et
1057 1961 1131 2025 laus
1150 1962 1225 2023 vitae
1244 1962 1387 2034 rustica,
1408 1962 1497 2023 vires
1518 1960 1604 2024 suffi-

482 2079 583 2140 ciunt.
604 2093 790 2158 -ponere
811 2075 937 2154 luerem,
966 2075 1152 2138 describere
1177 2077 1308 2151 lucum3
1326 2094 1454 2159 ponere
1474 2077 1606 2157 proprie

483 2190 604 2254 dicitur
622 2190 662 2253 de
691 2190 872 2254 artificibus
902 2194 1030 2253 statuas
1059 2195 1118 2252 aut
1145 2191 1293 2271 picturas
1322 2191 1535 2255 facientibus.
1561 2189 1605 2254 cf.

483 2306 564 2368 Hor.
586 2305 692 2368 (larm.
713 2304 766 2369 IV.
788 2307 817 2380 8,
840 2306 946 2368 6—8:

646 2471 729 2543 Quas
751 2474 805 2529 aut
825 2471 1009 2529 Parrhasius
1032 2471 1163 2547 protulit
1185 2475 1237 2530 aut
1258 2471 1384 2547 Scopas,

646 2587 706 2644 Hie
727 2606 811 2657 saxo,
833 2586 958 2663 liquidis
980 2587 1032 2644 ille
1055 2586 1208 2644 coloribus

649 2701 763 2762 Sollers
783 2721 866 2762 nuno
887 2701 1048 2760 hominem
1069 2719 1186 2778 ponere
1208 2720 1291 2760 nuno
1312 2701 1421 2773 deum3

490 2894 547 2957 Ov.
566 2894 604 2957 A.
624 2895 662 2956 A.
683 2894 740 2956 HL
761 2896 845 2959 401:
879 2892 932 2957 «Si
960 2893 1125 2955 Venerem
1145 2892 1231 2955 Cous
1251 2854 1424 2972 nunquam
1444 2893 1613 2972 posuisset

489 3009 664 3090 Apelles»;
686 3030 787 3072 sensu
806 3009 980 3083 translato,
1002 3012 1040 3069 ut
1060 3008 1123 3069 hoc
1151 3006 1232 3080 loce,
1254 3006 1327 3069 Juv.
1349 3006 1373 3069 Ι.
1397 3007 1479 3069 155:
1505 3006 1612 3069 «Pone

491 3124 720 3205 Tigellinum.»
743 3162 787 3168 —
807 3124 930 3204 lucum,
959 3123 1138 3204 descriptio
1167 3121 1232 3184 luci
1257 3122 1350 3185 locus
1370 3123 1559 3185 communis
1580 3124 1613 3183 in

491 3241 585 3320 poesi
605 3242 699 3322 epica
719 3241 821 3303 luisse
841 3239 990 3313 videtur;
1012 3241 1050 3301 cf.
1071 3237 1152 3300 Hor.
1173 3238 1209 3300 A.
1231 3237 1265 3300 P.
1289 3238 1339 3301 14.
1361 3258 1450 3319 sqq.:

612 3407 749 3481 Inceptis
769 3406 911 3480 gravibus
933 3407 1114 3481 plerumque
1137 3409 1168 3464 et
1188 3424 1302 3479 magna
1322 3403 1469 3478 professis

614 3522 797 3598 Purpureus,
819 3524 880 3580 late
904 3524 957 3598 qui
978 3520 1148 3598 splendeat,
1170 3540 1251 3578 unus
1273 3521 1303 3577 et
1325 3520 1402 3577 alter

614 3638 762 3696 Adsuitur
782 3658 913 3714 pannus,
935 3657 1005 3696 eum
1028 3640 1115 3697 lucus
1137 3639 1167 3694 et
1189 3656 1242 3693 ara
1263 3636 1372 3694 Diana

614 3753 654 3811 Et
675 3755 871 3829 properantis
895 3773 980 3829 eques
1003 3772 1058 3830 per
1080 3770 1226 3811 amoenos
1249 3750 1381 3809 ambitus
1405 3768 1492 3823 agros

615 3867 677 3925 Aut
699 3867 815 3926 flumen
835 3869 979 3927 Rhenum
1003 3871 1055 3926 aut
1075 3868 1196 3943 pluvius
1218 3866 1400 3925 describitur
1422 3884 1527 3935 arous;

496 4048 570 4109 Juv.
591 4047 615 4109 I.
637 4049 742 4110 7—-8:
767 4048 870 4110 «Nota
893 4051 1000 4130 magis
1020 4049 1106 4111 nulli
1125 4048 1244 4110 domus
1258 4050 1308 4109 est
1328 4066 1396 4117 aua,
1418 4064 1519 4125 quam
1535 4043 1619 4106 mihi

500 4163 596 4227 leacus
616 4162 765 4224 Martis».
786 4200 830 4205 —
849 4162 996 4246 artifices
1024 4162 1232 4244 iungendum
1261 4182 1334 4223 cum
1360 4158 1535 4222 infinitivis
1553 4177 1618 4243 po-

499 4297 578 4343 nere
598 4283 630 4340 et
651 4275 817 4355 loeidore;
836 4280 875 4339 of.
894 4278 1147 4340 adnotationem
1163 4276 1205 4339 ad
1220 4276 1244 4338 Ι.
1266 4277 1327 4339 59:
1353 4275 1495 4337 «imitari
1513 4273 1619 4336 mobi-

498 4396 570 4457 lis.»
592 4431 637 4438 —
655 4412 716 4456 raes
736 4396 894 4455 saturum
924 4390 1079 4470 lucidare,
1107 4393 1181 4453 laus
1208 4393 1284 4454 vitae
1309 4391 1438 4453 rusticae
1459 4392 1509 4450 est
1528 4387 1620 4450 locus
