3917 5475
799 715 909 758 serlus
924 715 952 758 V.
973 711 1130 758 tra—184.
1473 695 1522 745 301

404 894 510 955 refero
534 893 711 973 laganique
743 893 921 954 catinum».
954 929 999 934 --
1030 890 1175 955 Rimanti
1204 891 1343 976 populo,
1372 893 1526 955 homines·

404 1010 562 1074 rixantur.
584 1029 658 1070 cum
677 1008 817 1070 missilia
846 1009 1004 1088 arripere
1018 1007 1145 1070 volunt,
1175 1046 1219 1051 -—
1245 1012 1366 1073 nostro·
1384 1011 1423 1072 ut
1441 1005 1524 1072 llo-

404 1121 506 1190 ralia.
538 1123 833 1204 Floralia‚,quibus
861 1127 897 1186 tu
925 1123 1023 1186 ludos
1052 1123 1192 1186 edidisti.
1223 1123 1344 1186 Curam
1370 1123 1525 1186 ludorum

406 1238 573 1303 habebant
592 1238 796 1320 temporibus
816 1238 1005 1320 reipublioae
1021 1239 1133 1301 liberae
1149 1239 1270 1313 aediles,
1285 1238 1363 1301 inde
1379 1238 1419 1301 ab
1437 1259 1526 1300 anno

405 1357 456 1420 21.
479 1375 506 1418 a.
529 1354 602 1417 Chr.
625 1376 656 1417 n.
677 1359 843 1434 praetores
865 1354 1012 1417 Floralia
1030 1354 1143 1417 Romae
1163 1355 1416 1417 celebrabantur
1434 1375 1453 1416 a
1473 1353 1526 1415 die

406 1473 457 1536 aa.
478 1472 555 1552 Apr.
576 1491 681 1551 usque
701 1469 742 1532 ad
761 1470 849 1533 diem
875 1471 902 1533 3.
924 1470 1015 1534 Maii.
1047 1469 1110 1535 Sed
1139 1472 1243 1533 Persii
1269 1470 1369 1534 verba
1397 1491 1466 1532 non
1485 1468 1527 1531 ad

404 1586 557 1651 Romana
575 1585 721 1648 Floralia
749 1586 922 1649 referenda
947 1607 1018 1649 esse
1043 1591 1157 1649 censet
1183 1587 1368 1649 Buecheler
1395 1586 1524 1663 (Rhein.

405 1701 490 1766 Mus.
512 1704 533 1763 1.
555 1703 606 1764 la.
629 1723 659 1783 p.
681 1703 789 1778 117111
824 1701 915 1764 «Non
944 1706 1032 1764 recte
1053 1704 1114 1764 hoo
1134 1703 1206 1765 loco
1226 1706 1375 1777 utuntur,
1397 1703 1453 1783 qui
1472 1722 1526 1763 ur·
1644 1702 1647 1708 ’

406 1817 457 1880 bis
475 1817 588 1880 Romae
607 1816 696 1879 ludis
716 1816 911 1880 enarrandis
932 1838 1008 1879 eum
1028 1817 1188 1880 adhibent
1211 1818 1364 1889 Persius,
1385 1817 1526 1880 munici-

405 1933 492 2015 palis
512 1953 621 2014 eques,
644 1933 671 1994 si
691 1953 756 2014 qua
775 1934 811 1994 in
831 1934 952 1996 saturis
971 1933 1109 2015 politica
1128 1935 1245 2014 tangit,
1267 1955 1337 1996 non
1356 1933 1397 1995 ad
1417 1935 1526 1996 forum

404 2048 594 2113 Romanum
613 2049 777 2129 respicere
798 2049 891 2123 solet,
914 2049 971 2112 sed
991 2050 1032 2112 ad
1052 2050 1239 2132 oppidanos
1262 2069 1373 2112 mores
1392 2052 1450 2111 aut
1469 2067 1527 2129 pa-

406 2183 518 2244 ganos.
548 2162 637 2226 Illud
664 2163 790 2227 dictum
810 2166 897 2227 clare
920 2165 1079 2228 inlustrat
1109 2166 1227 2228 titulus
1256 2169 1408 2246 repertus
1436 2162 1527 2225 Albae

406 2277 592 2342 Marsorum
617 2278 697 2358 (CIL
717 2279 771 2342 IX.
795 2281 891 2359 3947)
920 2285 952 2343 et
979 2282 1126 2344 vicissim
1155 2282 1288 2344 Persius
1315 2280 1460 2348 titulum,
1482 2278 1527 2341 ibi

408 2396 496 2457 enim
515 2393 552 2458 L.
577 2392 1003 2481 Septimio-Philodespoto
1018 2417 1084 2481 pro
1104 2397 1179 2462 suis
1201 2397 1330 2462 »neritis
1351 2386 1526 2461 11111111-

408 2510 496 2576 libus
515 2510 635 2596 cippus
654 2512 786 2596 positus
803 2514 907 2577 fertur
927 2515 1130 2596 sepulcralis.
1151 2515 1192 2577 In
1212 2511 1404 2578 Samniticis
1423 2511 1528 2591 regio-

405 2627 504 2690 nibus
528 2627 681 2691 Flusasia
705 2629 821 2709 religio
846 2633 971 2710 quanto
997 2651 1096 2711 opere
1120 2631 1272 2710 viguerit,
1292 2628 1529 2711 inscriptiones

406 2742 534 2811 docent.
565 2745 680 2808 ciceris
707 2746 920 2826 largitionem
948 2746 1028 2809 Hor.
1052 2745 1116 2811 Sat.
1137 2747 1178 2810 H.
1202 2749 1230 2821 3,
1255 2748 1325 2811 181.
1356 2745 1444 2809 aedili
1472 2742 1529 2805 ad-

408 2858 517 2939 signat
544 2862 717 2941 praetorive
742 2861 942 2925 Canusino».
974 2900 1019 2906 -
1049 2862 1169 2947 Aprioi
1198 2861 1395 2927 meriiioisse
1423 2877 1527 2925 serres.

405 2977 443 3036 ut
463 2976 495 3050 ii,
517 2978 573 3058 qui
591 2976 688 3041 ludos
708 2981 840 3040 nostros
861 2982 1021 3059 speetant,
1044 2980 1145 3041 etiam
1172 2983 1249 3060 post
1267 2978 1391 3041 multos
1411 2994 1527 3041 annos.

407 3112 483 3153 cum
500 3093 568 3155 iam
589 3114 686 3157 senes
706 3095 784 3155 faeti
814 3095 889 3167 sint,
913 3114 969 3157 eos
989 3095 1024 3155 in
1044 3095 1239 3156 memoriam
1267 3096 1423 3157 revocent
1442 3089 1529 3170 apri-

407 3211 521 3270 cantes
541 3213 573 3271 et
591 3210 683 3273 varia
706 3209 903 3272 fabulantes.
925 3247 970 3253 —
989 3207 1109 3293 Aprici
1137 3210 1342 3291 apricantes;
1372 3210 1410 3269 cf.
1432 3206 1526 3283 l'erg.

407 3326 486 3387 Aen.
508 3326 544 3388 V.
574 3326 654 3389 128:
691 3327 829 3407 capricis
859 3327 957 3389 statio
985 3327 1175 3406 gratissima
1203 3324 1356 3405 mergis».
1388 3319 1530 3386 Senibus

408 3441 597 3521 gratissima
617 3444 666 3503 est
686 3442 864 3522 apricatio;
882 3443 920 3504 cf.
942 3440 1006 3505 Cic.
1029 3440 1156 3506 Seneet.
1182 3442 1230 3515 17,
1253 3442 1312 3505 57;
1337 3438 1418 3504 «Ubi
1439 3437 1530 3499 enim

408 3560 518 3637 potest
536 3558 594 3620 illa
614 3560 694 3620 aetas
706 3561 882 3636 (senectus)
895 3562 952 3621 aut
969 3558 1132 3621 calescere
1155 3558 1209 3621 vel
1229 3554 1441 3640 apricatione
1460 3572 1529 3614 me·

407 3672 473 3734 lius
491 3674 545 3736 vel
564 3674 634 3753 igni
655 3679 712 3737 aut
731 3675 877 3737 vicissim
905 3674 1033 3737 umbris
1061 3674 1196 3755 aquisve
1224 3672 1412 3752 refrigerari
1442 3669 1528 3731 salu-

408 3786 566 3865 brius?»;
597 3789 669 3852 Juv.
691 3788 745 3853 XI.
768 3790 841 3854 1203.
863 3790 904 3852 de
933 3789 1089 3853 senibus:
1123 3789 1260 3853 «Nostra
1278 3787 1370 3850 bibat
1389 3805 1528 3848 vernum

409 3908 577 3969 contracta
596 3907 740 3970 cuticula
761 3908 895 3971 solem».

461 4021 496 4085 V.
522 4023 704 4088 179—181.
730 4022 821 4103 Quid
834 4021 1045 4108 pulchrius?
1063 4021 1109 4088 At
1124 4042 1202 4088 cum
1220 4029 1277 4087 eto.
1294 4050 1302 4101 ;
1322 4024 1401 4107 quid
1420 4020 1531 4106 potest

410 4158 481 4201 esse
500 4139 674 4220 pulchrius
695 4144 727 4202 et
745 4140 849 4203 libero
870 4142 1007 4203 homine
1035 4140 1177 4221 dignius,
1199 4162 1299 4222 quam
1327 4145 1421 4204 tanta
1443 4137 1528 4203 libe·
1637 4152 1640 4158 '

407 4251 552 4334 rolitas;
570 4276 678 4337 neque
697 4260 811 4319 tamen
829 4276 906 4319 vere
932 4256 1077 4320 liberum
1106 4276 1177 4320 esse
1207 4277 1292 4330 eum,
1314 4257 1370 4338 qui
1398 4258 1530 4318 tantum

407 4375 544 4451 propter
563 4371 780 4434 ambitionem
794 4373 836 4434 sit
851 4372 1010 4447 liberalis,
1024 4371 1102 4434 inde
1123 4372 1239 4447 elucet,
1254 4371 1342 4453 quod
1360 4371 1459 4444 idem,
1474 4369 1530 4451 qui

408 4488 573 4551 honorum
608 4487 747 4568 cupidus
781 4488 954 4551 liberalem
987 4489 1063 4568 agit,
1096 4489 1299 4569 turpissimis
1332 4486 1528 4556 Iudaeorum,
