3917 5475
780 707 893 750 SATIRA
908 707 950 750 VI.
972 705 1093 752 18—22.

516 879 625 938 Castor
646 879 758 953 gaudet
780 882 875 956 equiti,
898 899 955 938 ovo
978 885 1148 957 prognatus
1171 883 1280 941 eodem

514 994 646 1068 Pugnis3
672 998 746 1070 quot
767 997 904 1070 capitum
924 998 1043 1066 vivunt,
1065 996 1197 1056 totidem
1219 998 1392 1058 studiorum

473 1169 475 1176 ,
515 1109 611 1168 Milia.

374 1373 417 1379 —
435 1333 638 1420 horoscope;
663 1324 868 1417 horoscopus
897 1340 948 1399 est
976 1336 1198 1409 oonstellatio,
1230 1338 1289 1401 sub
1315 1359 1379 1420 qua
1399 1341 1499 1403 homo

373 1451 532 1523 nascitur,
552 1449 641 1512 unde
671 1451 915 1530 astrologorum
945 1452 1114 1513 sententia
1143 1455 1213 1514 tota
1243 1454 1314 1515 eius
1333 1454 1401 1515 vita
1419 1474 1501 1535 pen-

375 1565 438 1628 det.
461 1565 507 1628 cf.
528 1565 645 1628 Manil.
675 1566 733 1629 HI.
766 1567 837 1630 186.
861 1587 928 1648 sqq.
959 1566 1062 1629 Poeta
1087 1567 1302 1650 astrologiam
1326 1571 1443 1649 tangit,
1464 1574 1502 1632 ut

375 1701 475 1761 supra
493 1681 551 1745 III.
574 1681 626 1744 45.
649 1703 717 1766 sqq.
739 1720 783 1726 κ
804 1701 887 1754 varo
901 1735 907 1746 .
923 1733 929 1746 .
947 1734 953 1747 .
971 1682 1080 1768 portio,
1100 1683 1215 1746 indole
1235 1683 1364 1746 diversa
1375 1707 1383 1759 3
1403 1705 1502 1747 varus

374 1800 425 1860 est
443 1799 586 1879 proprie,
614 1799 669 1878 qui
697 1818 793 1861 orura
822 1798 962 1863 distorta
991 1799 1100 1873 habet,
1130 1799 1219 1862 unde
1247 1819 1326 1862 vara
1345 1798 1502 1862 dicuntur

374 1913 572 1987 diversant
601 1912 690 1994 apud
708 1913 788 1976 Hor.
812 1911 878 1978 Sat.
900 1915 941 1978 ΙΙ.
965 1916 993 1989 3,
1016 1915 1077 1978 56:
1103 1915 1272 1978 «Alterum
1296 1919 1330 1977 et
1349 1916 1426 1977 huio
1444 1935 1501 1978 va-

374 2049 448 2091 rum
477 2031 510 2090 et
537 2028 645 2091 nihilo
675 2029 893 2110 sapientius».
930 2027 1060 2095 Gauius
1089 2050 1149 2110 pro
1177 2029 1301 2103 indole,
1330 2032 1369 2092 ut
1399 2029 1501 2092 etiam

373 2142 454 2206 Hor.
485 2142 544 2224 Ep.
565 2143 606 2206 H.
628 2144 658 2218 2,
683 2144 866 2208 187—189.
889 2166 991 2225 supra
1009 2144 1098 2207 laud.
1120 2143 1268 2207 diversos
1287 2146 1497 2225 geminorum

373 2277 483 2320 mores
503 2259 602 2338 genio
623 2259 782 2339 cuiusque
802 2258 928 2322 tribuit.
950 2258 998 2322 Cf.
1031 2259 1283 2322 adnotationem
1304 2259 1346 2322 ad
1363 2259 1417 2322 IV.
1437 2260 1498 2322 at:

379 2373 559 2453 «genioque
592 2373 759 2436 sinistro».
789 2411 834 2417 -
860 2371 1037 2452 Producis,
1066 2375 1185 2455 gignis,
1218 2379 1255 2438 ut
1283 2375 1389 2438 Plaut.
1414 2372 1498 2436 Rud.

377 2488 480 2552 1173:
505 2488 593 2569 «Ego
625 2489 654 2550 is
687 2509 769 2561 sum,
801 2491 857 2571 qui
877 2494 909 2552 te
929 2489 1079 2570 produxi,
1100 2495 1236 2571 patem3
1257 2491 1361 2554 Luoil.
1383 2489 1498 2553 XXVI.

374 2603 426 2667 89.
448 2603 508 2681 (ed.
523 2601 695 2681 Mueller):
721 2605 952 2686 «producunt.
971 2655 978 2668 .
997 2655 1005 2668 .
1025 2605 1167 2668 liberos»
1184 2630 1191 2682 ;
1212 2607 1308 2686 Prop.
1322 2605 1375 2668 IV.
1397 2607 1424 2679 1,
1440 2607 1498 2669 89:

377 2741 471 2783 «oum
501 2719 655 2801 geminos
683 2719 882 2801 produceret
911 2722 1008 2785 Arria
1027 2725 1168 2798 natos»;
1201 2721 1315 2787 Senes.
1340 2722 1400 2803 Ep.
1425 2722 1498 2794 104,

373 2836 435 2898 23:
461 2837 713 2917 «magnanimos
741 2858 803 2900 nos
834 2843 955 2902 natura
983 2835 1166 2920 produxit.»
1190 2877 1235 2883 —-
1258 2838 1341 2903 solis
1365 2837 1498 2903 aulali-

376 2948 447 3022 bus,
467 2970 548 3031 quos
563 2952 691 3033 antiqui
706 2952 814 3032 epulis
828 2954 995 3017 celebrare
1009 2954 1170 3018 solebant.
1186 2954 1269 3018 Cum
1279 2975 1343 3017 uss.
1359 2953 1497 3019 19-221.

372 3065 410 3127 of.
432 3066 512 3129 Hor.
544 3064 610 3131 Sat.
641 3067 682 3130 Η.
704 3069 734 3139 l,
756 3069 897 3133 59—62.
920 3068 959 3131 de
980 3091 1090 3144 avaro,
1113 3090 1211 3151 quern
1235 3071 1346 3133 looum
1366 3069 1499 3131 Persius

372 3187 449 3245 ante
469 3184 584 3247 ooulos
606 3184 746 3247 habuit:

453 3421 455 3427 ¹
533 3396 626 3455 Cuius
649 3396 776 3454 odorem
797 3395 858 3453 olei
879 3415 1014 3470 nequeas
1036 3397 1181 3471 perferre,
1203 3395 1308 3455 lioebit

531 3512 587 3569 Ille
609 3512 739 3586 repotia,
762 3510 880 3569 natales
903 3512 1018 3569 aliosve
1041 3512 1162 3570 dierum

531 3626 637 3684 Festos
660 3626 778 3685 albatus
800 3626 940 3697 celebret,
964 3647 1061 3686 oornu
1081 3629 1147 3704 ipse
1169 3626 1274 3685 bilibri

532 3740 675 3800 Caulibus
696 3742 838 3801 instillat.

369 4026 413 4031 —-
433 3990 507 4054 olus
527 3990 666 4071 sicema,
696 3991 784 4072 quod
804 3993 988 4074 opponitur
1007 3995 1128 4068 unoto;
1157 3992 1232 4055 vide
1253 4012 1354 4073 supra
1373 4013 1418 4056 vs.
1444 3994 1492 4056 16.

370 4108 403 4166 et
422 4104 677 4169 adnotationem
705 4106 798 4168 adh.
819 4106 840 4169 l.
862 4143 907 4150 -
924 4096 1053 4186 muria,
1081 4106 1192 4189 liquor
1220 4108 1338 4181 salsae,
1368 4107 1405 4169 in
1428 4127 1493 4189 quo

368 4221 477 4299 pisces
506 4221 734 4299 (salsamenta)
766 4222 991 4285 servabantur.
1017 4223 1166 4285 Avaritia
1186 4224 1288 4286 etiam
1308 4244 1347 4286 ex
1366 4243 1404 4287 eo
1425 4223 1494 4285 elu-

369 4338 429 4406 oet,
451 4333 540 4417 quod
568 4336 644 4400 olus
674 4336 814 4413 siceum,
835 4337 855 4400 i.
878 4357 904 4400 e.
927 4337 1000 4401 oleo
1030 4358 1100 4401 non
1127 4342 1276 4413 nuatum,
1301 4338 1411 4401 muria
1429 4338 1494 4401 tin-

368 4451 440 4531 guit
451 4473 458 4527 ;
480 4450 622 4515 debebat
642 4454 732 4515 enim
752 4452 826 4516 olus
846 4454 920 4517 oleo
942 4474 1019 4517 oum
1031 4454 1141 4517 muria
1159 4454 1262 4516 mixto
1282 4451 1491 4536 perfundere.

422 4592 554 4645 Nemetae:
568 4594 593 4635 A.
610 4594 689 4635 Persii
702 4593 788 4635 Flacca·
802 4594 901 4637 Satiroe.
1388 4575 1421 4626 91
