3917 5475
459 688 510 742 ²52
871 699 980 745 senne
996 699 1026 742 n
1045 695 1087 741 te·
1113 694 1169 740 -se,

459 901 599 968 puerum
620 875 763 944 memini
782 897 835 940 me
856 873 998 938 condere
1019 873 1138 937 soles».
1159 871 1207 935 Cf.
1220 872 1321 934 Anth.
1343 871 1411 934 Pal.
1431 871 1502 934 nl.
1520 873 1583 936 80:

459 997 563 1086 ἠέλιον
583 997 682 1081 λέσχῃ
702 991 923 1078 κατεδύσαμεν.
948 985 1154 1053 consumere
1174 985 1272 1055 diem,
1302 991 1340 1049 ut
1359 984 1424 1050 Cic.
1444 982 1582 1072 Deqrep.

460 1111 514 1178 vl.
536 1113 564 1176 9.
587 1111 626 1174 o:
651 1105 851 1189 «Multisque
870 1103 979 1169 verbis
993 1104 1082 1167 ultro
1103 1102 1250 1183 citroque
1270 1101 1394 1164 habitis
1412 1101 1470 1164 ille
1487 1103 1583 1164 nobie

462 1225 679 1306 consumptus
705 1225 754 1287 est
779 1219 858 1286 dies.
867 1243 878 1278 r
902 1257 916 1264 -
937 1257 945 1263 -
966 1217 1104 1304 primus
1129 1215 1239 1301 epuiis
1263 1215 1438 1300 decerpere
1461 1219 1582 1284 noctes.

462 1343 587 1425 primas
607 1339 706 1403 hirrus
734 1337 773 1402 dc
804 1339 901 1401 noete
922 1334 1030 1416 epulis
1058 1334 1134 1410 (obl.
1156 1333 1262 1403 insint
1282 1332 1424 1396 demere.
1444 1335 1583 1414 —-·pri·

465 1473 559 1521 trisse.
582 1503 611 1520 ..
637 1455 755 1525 portes.
786 1451 930 1536 primam
958 1452 1098 1532 partem.
1123 1448 1249 1530 primae
1278 1448 1377 1510 horas
1395 1449 1521 1525 noetis3
1541 1452 1582 1513 cf.

464 1569 521 1635 sit.
542 1567 581 1635 It.
603 1567 656 1634 JV.
682 1569 762 1635 138:
797 1567 903 1634 rDum
923 1565 1039 1648 primes
1059 1563 1160 1628 decue
1179 1562 1311 1627 affectet
1330 1563 1504 1645 decerpere
1522 1585 1584 1646 pu-

463 1704 565 1766 gnent
623 1683 837 1770 decerpere.
868 1681 1021 1756 demere;
1054 1681 1093 1742 ci.
1123 1677 1188 1742 Cio.
1209 1698 1269 1758 pro
1289 1676 1390 1742 Marc.
1411 1680 1450 1742 d:
1475 1680 1585 1742 «Nihil

464 1798 525 1866 sibi
547 1821 585 1867 ex
606 1803 669 1866 ists
690 1799 787 1866 leudo
808 1797 967 1864 cruiturio,
985 1794 1072 1858 nihil
1092 1794 1219 1866 cohors,
1240 1793 1326 1856 nihil
1342 1796 1455 1856 turma
1474 1794 1584 1857 decer-

465 1923 545 2004 pite.
568 1921 621 1984 (ir.
643 1919 673 1988 1.
695 1919 755 1982 eo:
793 1913 858 1978 «Ne
888 1909 966 1994 quid
988 1910 1078 1970 iocus
1107 1906 1148 1969 de
1175 1907 1338 1986 gravitate
1362 1908 1583 1990 decerperet».

466 2033 725 2100 similiusque
746 2029 824 2093 Hor.
846 2025 953 2090 Germ.
974 2023 998 2087 1.
1023 2024 1050 2096 1,
1074 2023 1134 2085 m:
1160 2025 1307 2102 «partem
1328 2024 1432 2087 solido
1452 2024 1585 2088 demere

465 2153 505 2220 de
530 2153 614 2218 diei.
703 2145 814 2212 {iorem
846 2159 930 2226 opus
960 2140 991 2203 et
1018 2137 1172 2220 requiem
1196 2137 1331 2220 puriter
1359 2137 1583 2223 disponimus,

467 2288 568 2334 unum
591 2285 674 2346 opita
695 2263 846 2324 nostrum
867 2259 899 2318 et
917 2275 1021 2318 unum
1041 2253 1190 2333 requiem
1208 2256 1359 2318 nostram
1375 2255 1501 2336 pariter
1519 2256 1585 2319 dis-

467 2381 648 2466 posuimus.
671 2375 717 2438 Cf.
738 2374 833 2452 i'erg.
853 2370 911 2435 Ge.
928 2369 983 2432 IV.
1007 2369 1088 2431 184:
1114 2366 1295 2431 «Omnibus
1314 2389 1382 2432 una
1402 2372 1495 2451 quies
1507 2391 1585 2452 ope·

468 2515 549 2562 rum.
569 2490 662 2554 labor
680 2486 836 2550 omnibus
855 2504 972 2548 unus.»
995 2520 1040 2528 —
1059 2481 1282 2566 dispouimus.
1304 2485 1481 2567 disponere
1501 2486 1590 2549 diem

468 2603 631 2688 significet
658 2601 810 2664 ordinem
838 2619 951 2662 rerum
979 2598 1185 2679 agendarum
1214 2600 1335 2663 cotidie
1364 2603 1566 2664 constituere
1579 2623 1587 2676 ;

467 2723 506 2787 ci.
528 2717 616 2783 Suet.
638 2716 706 2779 Tib.
731 2715 767 2778 11
785 2740 791 2778 :
822 2714 938 2777 «Forte
955 2713 1124 2795 quondam
1143 2716 1178 2777 in
1195 2715 1403 2798 disponendo
1424 2715 1589 2780 diemane

467 2833 670 2919 praedixerat,
703 2830 863 2913 quidquid
897 2833 1059 2911 agrotum
1093 2832 1226 2895 civitate
1262 2836 1358 2899 esset.
1386 2832 1523 2897 visitare
1554 2852 1590 2895 ee

465 2949 594 3022 velle»;
627 2947 711 3009 Plin.
743 2947 803 3028 Ep.
832 2946 889 3010 IX.
919 2947 971 3021 36,
1004 2947 1039 3010 1:
1073 2946 1227 3025 «Quaeris,
1253 2946 1533 3028 quemadmodum
1552 2947 1590 3009 in

466 3062 580 3125 Tuscis
600 3060 688 3125 diem
713 3066 826 3125 eestete
846 3062 1055 3142 disponam».
1082 3061 1127 3126 Ut
1146 3062 1278 3125 Persius
1297 3060 1451 3144 requiem
1469 3060 1587 3145 dispo-

468 3195 555 3242 uere.
578 3178 623 3239 ita
652 3178 781 3240 Plinius
809 3177 918 3243 otium
937 3176 1118 3260 disponere
1142 3177 1244 3252 dixit3
1265 3178 1304 3241 cf.
1332 3177 1417 3240 Piin.
1443 3177 1504 3258 Ep.
1533 3175 1587 3239 IV.

469 3292 520 3357 23.
545 3293 580 3355 i:
606 3292 781 3373 «Magnam
811 3295 884 3375 cepi
910 3293 1128 3374 voluptatem.
1159 3313 1261 3374 quum
1290 3314 1329 3354 ex
1356 3291 1589 3355 communibus

468 3407 583 3469 amicis
603 3410 742 3488 cognovi
758 3411 800 3475 tc.
818 3412 857 3472 ut
870 3409 1036 3490 sapientia
1055 3412 1113 3471 tua
1129 3407 1268 3489 dignum
1286 3411 1344 3475 est.
1359 3408 1465 3470 otium
1478 3407 1589 3487 diepo-

467 3542 546 3585 nere
575 3527 608 3586 et
637 3524 753 3586 ferrer.
774 3560 818 3567 -
842 3521 1052 3588 uerecundo.
1071 3574 1100 3587 ..
1129 3542 1256 3591 neusse.
1288 3524 1396 3604 epulis
1426 3523 1466 3586 ab
1496 3522 1589 3585 omni

465 3639 596 3701 luxuria
626 3641 773 3713 remotis,
794 3639 943 3702 modicis.
975 3677 1021 3683 -
1049 3639 1212 3704 leuomus
1240 3637 1341 3708 seria,
1368 3639 1454 3701 eeria
1479 3636 1589 3701 studia

464 3756 633 3829 levamue;
655 3757 694 3817 of.
715 3755 810 3836 Verg.
830 3756 912 3818 Aen.
932 3754 990 3817 IX.
1015 3755 1209 3818 ddi—dd&
1239 3753 1375 3818 «Cetera
1404 3774 1465 3835 per
1482 3756 1589 3815 terrae

467 3890 583 3933 ornnes
611 3871 771 3933 animalia
800 3891 917 3933 somno
947 3869 1119 3932 herebant
1146 3890 1283 3945 curas»;
1313 3869 1383 3932 Liv.
1403 3868 1458 3932 VI.
1488 3870 1518 3943 9,
1548 3870 1588 3930 9:

470 3984 599 4045 «laxare
617 3984 795 4049 laborem.»
818 4022 863 4029 -—
881 3984 981 4054 serio,
1012 3990 1049 4047 ut
1076 3984 1156 4047 Hor.
1188 3982 1254 4049 Sat.
1279 3984 1321 4067 11.
1347 3984 1377 4058 2,
1402 3984 1483 4046 me:
1508 3982 1588 4045 «Ex-

459 4100 583 4180 plicuit
601 4101 679 4163 vino
699 4104 875 4164 contrectes
896 4103 982 4163 scria
1002 4100 1153 4164 frontis».

519 4212 555 4276 V.
576 4215 718 4279 45—46.
739 4213 819 4281 Nou
839 4214 994 4300 equidem
1017 4214 1077 4280 hoe
1096 4213 1238 4283 dubites,
1266 4235 1337 4277 non
1357 4213 1488 4276 dubites
1507 4231 1587 4293 pro:

466 4328 537 4391 noli
566 4329 726 4407 dubitare,
748 4336 785 4395 ut
813 4333 838 4394 Ι.
859 4333 965 4395 5-6:
992 4352 1079 4395 «non
1092 4382 1099 4394 .
1114 4381 1141 4394 ..
1164 4329 1329 4393 accedas.»
1352 4366 1397 4373 —-
1417 4323 1586 4411 equidem,

467 4442 507 4505 de
527 4464 589 4506 neu
618 4446 717 4509 huius
746 4447 992 4510 coniunctionis
1020 4447 1095 4509 vide
1124 4446 1375 4509 adnotationem
1396 4442 1437 4506 ad
1455 4443 1481 4505 Ι.
1506 4443 1587 4507 110:
