3917 5475
764 685 873 728 SA'HRA
888 686 910 729 1.
926 683 1066 731 tis—102.
1426 669 1475 722 105

351 862 494 925 vitulum
514 861 628 922 vivum
652 859 818 941 discerpat
838 864 872 922 et
891 866 992 942 caput
1016 862 1087 925 eius
1113 861 1295 944 dereptum.
1317 869 1355 927 ut
1374 865 1474 930 decus

351 977 565 1058 triumphale,
581 977 719 1038 auferat.
735 973 894 1039 Sciebant
907 977 997 1039 enim
1009 977 1146 1040 Bacchae
1168 979 1277 1042 furore
1297 981 1473 1061 orgiasticc

351 1096 509 1173 correptae
540 1091 701 1154 animalia
729 1091 804 1154 viva
834 1091 1015 1154 dilacerare
1027 1115 1034 1166 ;
1064 1094 1103 1155 cf.
1133 1094 1246 1176 Burip.
1276 1095 1394 1159 Bacch.
1427 1118 1473 1161 vs.

352 1209 415 1274 727
442 1228 531 1288 sqq.:
555 1202 598 1270 Αἱ
617 1208 651 1270 δέ
670 1205 818 1292 (Βάκχαι)
842 1211 1024 1291 νεμομέναις
1053 1209 1150 1295 χλοὴν
1178 1215 1308 1296 μόσχοις
1339 1211 1475 1297 ἐπῆλθον

350 1329 456 1412 χειρὸς
482 1323 632 1412 ἀσιδήρου
652 1328 730 1409 μέτα
747 1327 801 1386 καὶ
820 1327 873 1409 τὴν
894 1327 948 1408 μὲν
973 1321 1010 1387 ἂν
1037 1325 1198 1408 προσεῖδες
1227 1323 1361 1413 εὔδηλον
1389 1334 1475 1412 πόριν
1539 1409 1543 1416 ¹

351 1446 535 1527 μυκωμένην
562 1439 696 1526 ἔχουσαν
714 1438 745 1504 ἐν
764 1450 868 1526 χεροῖν
885 1439 966 1524 δίκῃ,
989 1439 1082 1504 ἄλλαι
1102 1440 1136 1504 δὲ
1157 1441 1300 1527 δαμάλας
1315 1444 1475 1532 διεφόρουν

353 1560 588 1640 σπαράγμασιν;
610 1555 729 1620 Catull.
752 1558 802 1630 64,
835 1558 909 1620 257.
939 1556 980 1618 de
1008 1557 1168 1620 Bacchis:
1193 1557 1290 1622 «Pars
1311 1581 1327 1622 e
1348 1558 1475 1624 divolsa

349 1670 523 1736 iactabant
545 1671 695 1735 membra
722 1672 896 1736 iuvenco».
916 1709 961 1716 —
979 1671 1085 1736 vitulo
1104 1724 1110 1736 .
1131 1724 1163 1736 ..
1194 1673 1351 1756 superba,
1379 1675 1474 1738 Buri-

349 1788 464 1872 pidem
488 1789 648 1862 imitatur,
670 1789 728 1868 qui
745 1796 855 1870 ταῦρον
875 1783 1018 1873 ὑβριστὴν
1034 1791 1131 1851 vocat
1147 1793 1280 1852 taurum
1300 1811 1319 1852 a
1336 1789 1476 1854 Bacchis

350 1904 559 1985 discerptum
577 1904 695 1967 Bacch.
717 1925 764 1967 vs.
786 1905 860 1968 735.
882 1925 970 1985 sqq.:
992 1902 1108 1987 Ταῦροι
1128 1904 1154 1967 δ’
1176 1901 1316 1989 ὑβρισταὶ
1339 1903 1404 1979 κείς
1424 1911 1475 1971 κέ-

353 2043 411 2104 ρας
432 2023 623 2106 θυμούμενοι
642 2025 676 2084 τὸ
694 2023 831 2104 πρόσθεν
845 2019 1036 2109 ἐσφάλλοντο
1048 2026 1123 2105 πρὸς
1136 2032 1226 2102 γαῖαν
1240 2022 1336 2108 δέμας
1351 2027 1476 2108 μυριάσι

350 2146 465 2222 χειρῶν
487 2133 632 2222 ἀγόμενοι
650 2137 805 2201 νεανίδων.
825 2137 959 2201 Vitulus
989 2139 1151 2220 superbus
1172 2142 1222 2201 est
1240 2138 1343 2218 igitur
1360 2139 1476 2200 iuven·

350 2275 419 2326 cus,
446 2252 513 2334 qui,
535 2257 573 2316 ut
590 2253 686 2335 Verg.
706 2254 774 2317 Bcl.
795 2254 853 2318 ΠΙ.
879 2255 930 2319 87.
961 2255 1050 2324 dicit,
1077 2255 1162 2317 «iam
1191 2273 1296 2317 cornu
1325 2259 1418 2336 petat
1444 2258 1477 2316 et

350 2368 494 2454 pedibus
513 2370 570 2452 qui
590 2374 724 2452 spargat
742 2372 932 2434 harenam.»
955 2409 1000 2415 —
1019 2375 1121 2454 caput
1140 2369 1313 2445 ablatura,
1326 2370 1476 2433 utvictc-

350 2489 408 2550 riae
428 2487 581 2567 insigne;
602 2488 641 2549 cf.
663 2486 703 2548 de
722 2486 897 2550 Bassaride
916 2487 1017 2549 Anth.
1038 2486 1105 2549 Pal.
1126 2485 1180 2549 VL
1202 2486 1262 2550 74:

444 2650 616 2732 Βασσαρές
640 2643 802 2733 Εὐρυνόμη
830 2647 1090 2732 σκοπελοδρόμος,
1115 2645 1136 2732 ἥ
1158 2669 1231 2709 ποτε
1255 2648 1375 2729 ταύρων

489 2763 599 2828 Πολλὰ
621 2770 829 2848 τανυνιραίρων
853 2769 963 2849 στέρνα
986 2763 1198 2849 χαραξαμένη,

443 2876 484 2943 Ἥ
509 2888 588 2967 μέγα
611 2882 812 2965 καγχάζουσα
834 2881 1048 2968 λεοντοφόνοις
1073 2877 1121 2942 ἐπὶ
1144 2882 1251 2953 νίκαις,

494 2996 638 3079 Παίγνιον
664 2995 795 3085 ἀτλήτου
819 2999 920 3083 δορὸς
945 2995 1064 3082 ἔχουσα
1086 3000 1180 3081 κάρη.

356 3184 407 3247 Ad
426 3205 528 3248 usum
546 3186 638 3248 verbi
657 3187 794 3270 auferre
815 3187 854 3248 cf.
874 3184 955 3249 Hor.
976 3184 1036 3265 Ep.
1058 3184 1098 3246 H.
1123 3184 1149 3253 1,
1172 3183 1322 3245 55-56:
1348 3181 1479 3267 ‹1acifcrt

356 3301 521 3363 Pacuvius
552 3300 640 3363 docti
668 3303 792 3364 famam
823 3302 922 3374 senis,
954 3300 1073 3362 Accius
1105 3300 1194 3361 alti».
1224 3335 1269 3342 —-
1302 3295 1479 3373 Bassam,

358 3418 471 3483 Graece
491 3415 651 3500 Βασσαρὶς
665 3422 724 3479 aut
735 3415 898 3501 Βασσάρα,
920 3416 1045 3478 femina
1057 3414 1232 3477 bacchans.
1247 3416 1334 3477 —et
1348 3412 1479 3497 όριιοοιιι
1516 3474 1519 3481 ,

300 3538 303 3541 ’
357 3534 489 3599 Moenas
508 3532 644 3617 flexura
673 3532 850 3618 corymbis,
871 3532 997 3594 femina
1015 3531 1196 3604 Bacchans,
1218 3550 1288 3610 quae
1309 3549 1385 3591 mcx
1404 3529 1480 3609 aget

357 3651 471 3733 lynces
488 3670 622 3713 currum
638 3650 818 3712 trahentes.
840 3648 981 3712 Currum
1002 3648 1088 3709 enim
1110 3645 1232 3707 Bacchi
1251 3644 1364 3706 bestiae
1385 3661 1479 3725 rapa·

357 3788 411 3830 ces
431 3768 555 3846 (tigres,
575 3767 756 3847 pantheras,
777 3766 902 3846 lynces)
921 3762 1107 3826 trahebant.
1128 3799 1172 3805 -
1193 3760 1335 3845 ἰμιιοοιιι,
1355 3758 1481 3821 animal

357 3883 488 3948 Baccho
506 3902 637 3945 sacrum
648 3905 655 3957 ;
677 3882 716 3944 cf.
736 3881 831 3962 Verg.
857 3880 914 3944 Ge.
935 3879 993 3941 ΠΙ.
1012 3880 1095 3941 aad:
1117 3876 1221 3956 «Quid
1233 3877 1346 3957 lynces
1359 3874 1481 3937 Bacchi

358 4002 523 4075 variae7»;
545 3999 602 4063 Ov.
624 3997 703 4062 Met.
724 3998 791 4062 XV.
813 3998 896 4060 413:
922 3995 1034 4058 «Victa
1054 3994 1247 4057 racemifero
1260 3993 1373 4073 lynces
1391 3990 1482 4054 dedit

359 4115 456 4181 India
472 4115 621 4177 Baccho»
638 4139 645 4191 ;
661 4114 758 4196 Prop.
776 4112 834 4175 III.
857 4113 905 4186 17,
925 4112 1020 4175 7—8.
1040 4110 1079 4172 de
1096 4109 1245 4172 Baccho:
1270 4108 1330 4169 «Te
1351 4128 1481 4189 quoque

364 4233 454 4295 enim
472 4252 544 4294 nen
564 4250 636 4294 esse
656 4230 773 4293 rudem
792 4232 934 4292 testatur
953 4230 989 4290 in
1009 4228 1107 4289 astris
1127 4224 1294 4307 Lyncibus
1311 4223 1352 4286 ad
1365 4224 1482 4285 caelum

360 4352 453 4411 vecta
473 4344 621 4409 Ariadna
645 4347 742 4409 tuis».
764 4383 808 4389 -
827 4343 971 4419 Missas,
1002 4344 1127 4406 femina
1153 4342 1334 4404 Bacchans.
1355 4375 1400 4382 -
1417 4338 1480 4423 sle·

292 4454 298 4463 ⁹
358 4482 451 4527 sura
472 4460 653 4546 corymbis,
664 4466 702 4523 ut
717 4460 807 4542 apud
825 4459 1010 4540 Vergilium
1029 4459 1179 4520 Bacchus
1199 4458 1290 4535 (Aen.
1305 4457 1357 4519 ti.
1373 4455 1482 4520 804—
