3917 5475
779 685 888 728 SATIRA
903 683 952 728 ΠΙ.
970 681 1095 727 27—30.
1454 659 1502 710 169

382 885 458 946 gere
477 862 577 950 virque
595 862 759 926 Fumosos
779 862 927 943 equitum
946 880 1022 923 curn
1046 859 1206 922 dictatore
1225 859 1435 938 magistros».
1458 891 1505 902 —-

381 979 574 1060 millesime,
593 979 827 1060 antiquitatem
845 966 980 1041 familiae
1001 974 1165 1056 significat
1184 995 1244 1056 per
1263 974 1409 1036 auxesin.
1438 971 1504 1035 Vo-

381 1095 509 1159 cativus
525 1115 585 1177 pro
601 1095 819 1168 nominativo,
834 1097 871 1156 ut
888 1113 989 1174 supra
1000 1093 1024 1156 Ι.
1042 1093 1123 1157 123:
1145 1089 1287 1154 «Audaci
1305 1090 1504 1172 quicumque

383 1200 509 1274 adflate
530 1210 698 1275 Cratino».
727 1247 773 1254 —
801 1207 1021 1275 censoremve
1050 1211 1148 1274 tuum
1171 1206 1222 1272 eet
1241 1204 1332 1290 quod
1357 1204 1505 1270 trabeate
1621 1217 1632 1234 ·

383 1327 530 1408 salutar,
547 1327 601 1389 vel
620 1325 709 1408 quod
728 1346 846 1389 censor
863 1326 926 1389 tibi
944 1328 1106 1406 cognatus
1136 1322 1246 1404 (tuus)
1275 1325 1325 1384 est
1342 1321 1396 1384 vel
1416 1315 1506 1403 quod

381 1441 454 1523 ipse
474 1461 510 1506 cs
530 1462 629 1524 eques
656 1442 829 1506 Romanus
854 1445 887 1505 et
906 1463 1078 1505 censorem
1105 1441 1142 1504 in
1170 1437 1325 1504 sollemni
1355 1437 1504 1520 equitum

382 1559 610 1639 recognitione
629 1559 799 1622 trabeatus
819 1560 954 1623 salutas.
975 1558 1102 1652 Locum
1119 1559 1169 1620 ita
1188 1555 1329 1637 explicat
1357 1554 1505 1616 Bueche-

380 1674 453 1750 ler;
474 1675 533 1738 alii
552 1675 719 1739 scribunt:
744 1694 916 1740 cerascrem
937 1675 1085 1740 vetulam
1105 1695 1143 1737 ex
1161 1677 1272 1736 vetere
1303 1671 1503 1742 coniectura,

382 1790 470 1872 quia,
491 1790 580 1872 quod
602 1789 639 1853 in
658 1790 826 1855 codicibus
849 1791 979 1872 legitur,
1002 1808 1212 1856 censoremve
1237 1791 1335 1854 roua
1364 1790 1397 1849 et
1425 1804 1503 1850 eea-

381 1924 561 1991 acremque
580 1909 678 1972 turem
695 1911 833 1990 propter
851 1928 994 1990 sequens
1009 1907 1061 1972 eei
1076 1904 1251 1970 ferendum
1268 1924 1340 1968 esse
1359 1923 1429 1966 non
1444 1921 1506 1983 pu·

381 2026 464 2087 tant.
486 2021 613 2088 Censor
629 2026 762 2088 vetulus
787 2028 837 2089 est
855 2025 976 2088 horum
1005 2024 1173 2087 sententia
1198 2023 1382 2105 imperator
1409 2017 1506 2083 Clau·

381 2139 467 2215 dius,
489 2141 545 2222 qui
565 2161 742 2205 censuram
761 2141 818 2205 diu
837 2143 1065 2205 intermissam
1089 2139 1236 2203 restituit
1256 2142 1288 2200 et
1307 2135 1505 2219 recognitio·

383 2275 462 2318 nem
491 2257 650 2338 equiturn,
669 2259 779 2339 prisco
809 2276 901 2320 more
931 2258 999 2338 egit
1019 2278 1046 2321 a.
1067 2277 1099 2338 p.
1121 2256 1195 2321 Chr.
1217 2277 1249 2320 n.
1271 2257 1324 2319 48.
1346 2253 1392 2320 Of.
1415 2252 1504 2318 Suet.

382 2370 498 2435 Claud.
515 2372 574 2436 16:
599 2372 730 2437 «Gessit
746 2375 778 2435 et
790 2393 975 2448 censuram,
988 2371 1218 2440 intermissam
1237 2374 1294 2436 diu
1312 2376 1390 2456 post
1408 2373 1506 2436 Plan-

382 2505 460 2551 cum
479 2486 685 2570 Paulumque
709 2509 882 2565 censores3
914 2489 972 2553 sed
992 2491 1078 2552 hanc
1106 2510 1236 2572 quoque
1263 2491 1509 2573 inaequabilitar

382 2603 542 2688 varioque
563 2610 596 2669 et
614 2606 729 2672 animo
758 2608 791 2668 et
819 2610 949 2669 eventu.
977 2605 1218 2687 Recognitione
1248 2607 1397 2689 equiturn
1415 2609 1507 2673 iuve-

383 2742 464 2787 nem
491 2723 603 2805 probri
632 2723 781 2804 plenum,
806 2720 865 2786 sed
893 2744 991 2805 quern
1020 2725 1115 2804 pater
1141 2724 1416 2805 probatissimum
1445 2724 1508 2789 sibi

384 2839 581 2918 affirmabat,
602 2839 674 2902 sine
692 2839 881 2920 ignominia
899 2838 1058 2904 dimisit».
1083 2839 1217 2904 Persius
1238 2844 1308 2904 erat
1326 2844 1406 2905 tunc
1424 2845 1509 2905 tem-

384 2957 477 3040 poris
506 2977 590 3038 puer
617 2955 882 3039 quattuordecim
911 2975 1077 3019 annorum
1105 2960 1300 3039 poteratque
1329 2959 1429 3024 huius
1460 2958 1509 3022 rei

383 3076 522 3156 propter
539 3074 647 3137 multa
664 3071 814 3148 ridicula,
835 3093 907 3155 qnae
927 3072 1086 3137 Claudius
1116 3094 1282 3137 summam
1305 3075 1343 3137 in
1368 3094 1508 3138 censura

386 3188 596 3269 diligentiam
625 3189 783 3254 affectans
811 3189 938 3253 dixerat
967 3193 1000 3253 et
1029 3192 1160 3265 fecerat,
1189 3191 1275 3255 bene
1302 3191 1507 3256 meminisse.

393 3305 562 3389 Vetulunq
582 3308 755 3389 epitheton
784 3306 923 3372 Claudio
952 3308 1155 3371 conveniens
1167 3332 1174 3384 ;
1204 3312 1274 3371 erat
1299 3310 1389 3372 enim
1409 3320 1510 3373 senex

386 3421 583 3503 decrepitus.
605 3421 652 3486 Cf.
675 3420 763 3487 Suet.
785 3423 898 3488 Claud.
926 3424 987 3488 30:
1021 3422 1194 3489 «Ceterum
1214 3428 1246 3487 et
1264 3424 1508 3507 ingredientem

386 3538 613 3603 destituebant
631 3540 776 3621 poplites
795 3542 908 3604 minus
936 3540 1042 3604 firmi.
1057 3590 1087 3604 ..
1107 3544 1269 3623 praeterea
1287 3541 1409 3623 lingua
1428 3541 1508 3604 titu-

384 3656 502 3720 bantia
520 3660 684 3739 caputque
708 3677 784 3721 curn
812 3678 952 3740 semper,
972 3661 1046 3721 tum
1064 3658 1102 3722 in
1120 3657 1413 3740 quantulocunque
1433 3660 1508 3721 actu

387 3772 441 3836 vel
458 3774 602 3837 maxime
630 3774 852 3849 tremulum»;
882 3772 997 3838 Senec.
1023 3773 1158 3856 Apocol.
1179 3772 1216 3837 V.
1238 3774 1277 3838 i:
1311 3772 1510 3835 «Nuntiatur

386 3886 458 3953 lori
481 3891 613 3953 venisse
641 3889 808 3971 quendam
826 3890 922 3953 bonae
953 3894 1098 3965 statura,
1119 3890 1204 3953 bene
1233 3910 1362 3952 canum.
1390 3886 1507 3952 Nescio

388 4003 469 4088 quid
493 4006 591 4071 illum
619 4008 750 4070 minari.
782 4005 928 4070 Adsidue
960 4007 1051 4071 enirn
1079 4010 1179 4089 caput
1208 4024 1351 4069 movere.
1387 4003 1508 4069 Pedem

387 4121 539 4187 dextrum
557 4124 731 4198 trahereo;
751 4123 824 4186 Juv.
845 4122 899 4186 Vl
920 4124 1106 4188 aec-tm.
1128 4121 1168 4185 de
1188 4120 1345 4186 Claudio:

628 4396 666 4415 ..
689 4398 696 4412 .
719 4353 822 4412 minus
844 4369 915 4427 ergo
938 4369 1053 4411 nocens
1076 4354 1136 4411 erit
1155 4350 1335 4429 Agrippina

509 4469 646 4540 Boletus,
669 4469 696 4526 si
718 4466 843 4545 quidem
864 4469 957 4527 unius
978 4466 1150 4544 praecordia
1170 4466 1284 4543 pressit
