3917 5475
746 1770 1085 1854 PRAEFATIO.

323 2175 326 2180 ¹
403 2187 499 2259 Cum
524 2208 654 2279 nuper,
688 2184 806 2258 Persii
840 2185 971 2257 satiras
1006 2186 1045 2256 in
1078 2186 1194 2280 Regia
1228 2185 1477 2258 Scientiarum

353 2327 604 2401 Universitate
638 2325 956 2422 Budapestinensi
995 2327 1187 2423 discipulis
1230 2328 1324 2401 meis
1362 2328 1475 2399 inter-

351 2475 575 2566 pretaturus,
603 2472 894 2544 commentarios
918 2472 1088 2564 priorum
1122 2472 1369 2565 interpretum
1396 2468 1476 2540 dili-

350 2613 569 2709 gentissime
595 2613 848 2707 perlegissem,
875 2614 1064 2707 permulta
1097 2614 1138 2685 in
1171 2613 1309 2701 Persio,
1346 2613 1475 2685 obscu-

350 2759 500 2832 rissimo
534 2759 799 2830 Romanorum¹
827 2762 949 2852 poeta,
990 2758 1101 2830 hodie
1141 2782 1287 2852 quoque
1324 2757 1478 2828 obscura

351 2927 432 2976 esse
470 2925 685 2997 novumque
725 2902 1038 2974 commentarium
1073 2925 1150 2972 non
1184 2901 1262 2972 fore
1298 2899 1401 2970 omni
1436 2923 1480 2970 ex

349 3049 455 3139 parte
483 3068 755 3139 supervacuum
782 3044 889 3116 facile
917 3044 1095 3116 intellexi.
1117 3044 1238 3135 Quare
1257 3043 1297 3114 in
1315 3043 1385 3113 hac
1404 3040 1478 3113 edi-

351 3187 454 3260 tione
481 3186 708 3274 adornanda,
736 3210 809 3279 qua
830 3210 908 3258 non
927 3186 1052 3258 solum
1078 3186 1243 3257 virorum
1270 3183 1478 3271 doctorum,

353 3329 418 3404 sed
436 3330 550 3402 etiam
568 3329 706 3401 civium
724 3329 1034 3401 Academicorum
1057 3329 1265 3401 rationibus
1284 3327 1478 3400 consulere

352 3473 465 3562 volui,
492 3473 566 3545 duo
596 3478 703 3545 erant
728 3472 823 3544 mihi
847 3471 1061 3565 proposita:
1092 3471 1267 3566 primum,
1295 3474 1338 3543 ut
1364 3469 1477 3564 expli-

352 3619 519 3690 cationes
545 3617 714 3689 looorum
749 3617 910 3687 maxime
944 3614 1155 3708 probabiles
1190 3639 1235 3687 ex
1269 3613 1478 3687 adnotatio-

262 3734 267 3758 ἰ
352 3761 463 3833 nibus
490 3758 677 3833 editorum
710 3766 747 3831 et
781 3784 826 3830 ex
864 3757 1247 3830 commentationibus
1283 3756 1328 3828 ad
1362 3756 1477 3828 Persii

353 3903 485 3977 satiras
510 3902 788 3998 pertinentibus
815 3900 1039 3995 colligerem,
1068 3899 1213 3988 deinde,
1241 3905 1284 3971 ut
1308 3899 1348 3971 in
1379 3923 1476 3992 quae-

352 4046 539 4121 stionibus
566 4045 687 4117 adhuc
713 4069 794 4116 non
821 4044 955 4117 solutis
991 4068 1058 4138 ego
1093 4068 1241 4137 quoque
1275 4066 1342 4136 pro
1381 4041 1477 4113 virili

350 4194 456 4286 parte
484 4187 624 4284 aliquid
651 4189 858 4260 conferrem
894 4187 940 4260 ad
973 4193 1125 4282 poetam
1161 4186 1298 4259 rectius
1332 4182 1476 4256 intelle-

351 4332 528 4438 gendum

401 4475 447 4549 ln
472 4477 594 4551 verbis
621 4477 738 4550 Persii
764 4473 1039 4549 constituendis
1075 4473 1347 4545 Buechelcrum
1374 4495 1476 4544 secu-
