<?xml version="1.0" encoding="UTF-8"?>
<!DOCTYPE html PUBLIC "-//W3C//DTD XHTML 1.0 Transitional//EN"
    "http://www.w3.org/TR/xhtml1/DTD/xhtml1-transitional.dtd">
<html xmlns="http://www.w3.org/1999/xhtml" xml:lang="en" lang="en">
 <head>
  <title>
</title>
<meta http-equiv="Content-Type" content="text/html;charset=utf-8" />
  <meta name='ocr-system' content='tesseract 3.04.00' />
  <meta name='ocr-capabilities' content='ocr_page ocr_carea ocr_par ocr_line ocrx_word'/>
</head>
<body>
  <div class='ocr_page' id='page_1' title='image "./satirae00persgoog_0030.png"; bbox 0 0 3917 5475; ppageno 0'>
   <div class='ocr_carea' id='block_1_1' title="bbox 480 662 1114 727">
    <p class='ocr_par' dir='ltr' id='par_1_1' title="bbox 480 662 1114 727">
     <span class='ocr_line' id='line_1_1' title="bbox 480 662 1114 727; baseline 0.003 -2"><span class='ocrx_word' id='word_1_1' title='bbox 480 662 515 716; x_wconf 69' lang='lat'>24</span> <span class='ocrx_word' id='word_1_2' title='bbox 965 681 1075 725; x_wconf 70' lang='lat' dir='ltr'>summ</span> <span class='ocrx_word' id='word_1_3' title='bbox 1092 682 1114 727; x_wconf 74' lang='lat'>1.</span> 
     </span>
    </p>
   </div>
   <div class='ocr_carea' id='block_1_2' title="bbox 438 857 1494 2562">
    <p class='ocr_par' dir='ltr' id='par_1_2' title="bbox 526 857 1486 941">
     <span class='ocr_line' id='line_1_2' title="bbox 526 857 1486 941; baseline 0.004 -20"><span class='ocrx_word' id='word_1_4' title='bbox 526 859 702 922; x_wconf 84' lang='lat' dir='ltr'>Auriculas</span> <span class='ocrx_word' id='word_1_5' title='bbox 718 857 805 921; x_wconf 89' lang='lat' dir='ltr'>asini</span> <span class='ocrx_word' id='word_1_6' title='bbox 824 859 898 939; x_wconf 90' lang='lat' dir='ltr'>quis</span> <span class='ocrx_word' id='word_1_7' title='bbox 917 878 987 921; x_wconf 91' lang='lat' dir='ltr'>non</span> <span class='ocrx_word' id='word_1_8' title='bbox 1007 858 1132 922; x_wconf 71' lang='lat' dir='ltr'>habet?</span> <span class='ocrx_word' id='word_1_9' title='bbox 1150 858 1223 922; x_wconf 90' lang='lat' dir='ltr'>Hoc</span> <span class='ocrx_word' id='word_1_10' title='bbox 1244 878 1303 939; x_wconf 83' lang='lat' dir='ltr'>ego</span> <span class='ocrx_word' id='word_1_11' title='bbox 1324 860 1486 941; x_wconf 81' lang='lat' dir='ltr'>opertum.</span> 
     </span>
    </p>

    <p class='ocr_par' dir='ltr' id='par_1_3' title="bbox 526 972 1352 1045">
     <span class='ocr_line' id='line_1_3' title="bbox 526 972 1352 1045; baseline 0 -7"><span class='ocrx_word' id='word_1_12' title='bbox 526 974 600 1039; x_wconf 86' lang='lat' dir='ltr'>Hoc</span> <span class='ocrx_word' id='word_1_13' title='bbox 618 973 727 1038; x_wconf 89' lang='lat' dir='ltr'>ridere</span> <span class='ocrx_word' id='word_1_14' title='bbox 744 993 867 1042; x_wconf 83' lang='lat' dir='ltr'>meum.</span> <span class='ocrx_word' id='word_1_15' title='bbox 885 978 955 1038; x_wconf 84' lang='lat' dir='ltr'>tam</span> <span class='ocrx_word' id='word_1_16' title='bbox 972 976 1031 1045; x_wconf 81' lang='lat' dir='ltr'>nil,</span> <span class='ocrx_word' id='word_1_17' title='bbox 1053 976 1146 1038; x_wconf 87' lang='lat' dir='ltr'>nulla</span> <span class='ocrx_word' id='word_1_18' title='bbox 1164 975 1224 1038; x_wconf 88' lang='lat' dir='ltr'>tibi</span> <span class='ocrx_word' id='word_1_19' title='bbox 1243 972 1352 1038; x_wconf 89' lang='lat' dir='ltr'>vendo</span> 
     </span>
    </p>

    <p class='ocr_par' dir='ltr' id='par_1_4' title="bbox 526 1090 640 1155">
     <span class='ocr_line' id='line_1_4' title="bbox 526 1090 640 1155; baseline 0.009 -1"><span class='ocrx_word' id='word_1_20' title='bbox 526 1090 640 1155; x_wconf 87' lang='lat' dir='ltr'>Iliade.</span> 
     </span>
    </p>

    <p class='ocr_par' dir='ltr' id='par_1_5' title="bbox 656 1204 1297 1287">
     <span class='ocr_line' id='line_1_5' title="bbox 656 1204 1297 1287; baseline -0.002 -17"><span class='ocrx_word' id='word_1_21' title='bbox 656 1206 782 1270; x_wconf 83' lang='lat' dir='ltr'>Audaci</span> <span class='ocrx_word' id='word_1_22' title='bbox 803 1207 1002 1287; x_wconf 82' lang='lat' dir='ltr'>quicumque</span> <span class='ocrx_word' id='word_1_23' title='bbox 1022 1204 1142 1269; x_wconf 88' lang='lat' dir='ltr'>adflate</span> <span class='ocrx_word' id='word_1_24' title='bbox 1162 1204 1297 1269; x_wconf 80' lang='lat' dir='ltr'>Cratino</span> 
     </span>
    </p>

    <p class='ocr_par' dir='ltr' id='par_1_6' title="bbox 438 1320 1494 1519">
     <span class='ocr_line' id='line_1_6' title="bbox 529 1320 1494 1404; baseline -0.001 -18"><span class='ocrx_word' id='word_1_25' title='bbox 529 1324 659 1386; x_wconf 85' lang='lat' dir='ltr'>Iratum</span> <span class='ocrx_word' id='word_1_26' title='bbox 676 1320 877 1404; x_wconf 77' lang='lat' dir='ltr'>Eupolidem</span> <span class='ocrx_word' id='word_1_27' title='bbox 894 1320 1082 1403; x_wconf 69' lang='lat' dir='ltr'>praegrandi</span> <span class='ocrx_word' id='word_1_28' title='bbox 1098 1342 1173 1383; x_wconf 87' lang='lat' dir='ltr'>oum</span> <span class='ocrx_word' id='word_1_29' title='bbox 1191 1342 1271 1384; x_wconf 89' lang='lat' dir='ltr'>seue</span> <span class='ocrx_word' id='word_1_30' title='bbox 1288 1322 1403 1404; x_wconf 86' lang='lat' dir='ltr'>palles,</span> <span class='ocrx_word' id='word_1_31' title='bbox 1492 1348 1494 1353; x_wconf 95' lang='lat'>·</span> 
     </span>
     <span class='ocr_line' id='line_1_7' title="bbox 438 1435 1413 1519; baseline -0.003 -17"><span class='ocrx_word' id='word_1_32' title='bbox 438 1461 481 1502; x_wconf 81' lang='lat' dir='ltr'>m</span> <span class='ocrx_word' id='word_1_33' title='bbox 532 1438 652 1519; x_wconf 79' lang='lat' dir='ltr'>Aspice</span> <span class='ocrx_word' id='word_1_34' title='bbox 672 1440 705 1500; x_wconf 89' lang='lat' dir='ltr'>et</span> <span class='ocrx_word' id='word_1_35' title='bbox 723 1438 802 1504; x_wconf 77' lang='lat' dir='ltr'>hae.</span> <span class='ocrx_word' id='word_1_36' title='bbox 824 1437 852 1501; x_wconf 88' lang='lat' dir='ltr'>si</span> <span class='ocrx_word' id='word_1_37' title='bbox 872 1438 956 1499; x_wconf 86' lang='lat' dir='ltr'>forte</span> <span class='ocrx_word' id='word_1_38' title='bbox 976 1436 1102 1518; x_wconf 89' lang='lat' dir='ltr'>aliquid</span> <span class='ocrx_word' id='word_1_39' title='bbox 1121 1436 1289 1499; x_wconf 72' lang='lat' dir='ltr'>decoctius</span> <span class='ocrx_word' id='word_1_40' title='bbox 1310 1435 1413 1501; x_wconf 90' lang='lat' dir='ltr'>audis.</span> 
     </span>
    </p>

    <p class='ocr_par' dir='ltr' id='par_1_7' title="bbox 527 1553 1264 1635">
     <span class='ocr_line' id='line_1_8' title="bbox 527 1553 1264 1635; baseline -0.003 -19"><span class='ocrx_word' id='word_1_41' title='bbox 527 1553 610 1617; x_wconf 89' lang='lat' dir='ltr'>Inde</span> <span class='ocrx_word' id='word_1_42' title='bbox 628 1556 787 1635; x_wconf 85' lang='lat' dir='ltr'>vaporata</span> <span class='ocrx_word' id='word_1_43' title='bbox 806 1553 909 1614; x_wconf 86' lang='lat' dir='ltr'>lector</span> <span class='ocrx_word' id='word_1_44' title='bbox 928 1553 1011 1614; x_wconf 89' lang='lat' dir='ltr'>mihi</span> <span class='ocrx_word' id='word_1_45' title='bbox 1032 1554 1156 1615; x_wconf 77' lang='lat' dir='ltr'>ferveat</span> <span class='ocrx_word' id='word_1_46' title='bbox 1176 1571 1264 1627; x_wconf 89' lang='lat' dir='ltr'>aure,</span> 
     </span>
    </p>

    <p class='ocr_par' dir='ltr' id='par_1_8' title="bbox 534 1667 1447 1751">
     <span class='ocr_line' id='line_1_9' title="bbox 534 1667 1447 1751; baseline -0.003 -17"><span class='ocrx_word' id='word_1_47' title='bbox 534 1671 610 1734; x_wconf 86' lang='lat' dir='ltr'>Non</span> <span class='ocrx_word' id='word_1_48' title='bbox 629 1670 692 1742; x_wconf 86' lang='lat' dir='ltr'>hic,</span> <span class='ocrx_word' id='word_1_49' title='bbox 715 1670 769 1750; x_wconf 91' lang='lat' dir='ltr'>qui</span> <span class='ocrx_word' id='word_1_50' title='bbox 790 1670 826 1732; x_wconf 81' lang='lat' dir='ltr'>tn</span> <span class='ocrx_word' id='word_1_51' title='bbox 845 1667 996 1751; x_wconf 84' lang='lat' dir='ltr'>crepidas</span> <span class='ocrx_word' id='word_1_52' title='bbox 1017 1667 1199 1733; x_wconf 55' lang='lat' dir='ltr'>Graiorum*</span> <span class='ocrx_word' id='word_1_53' title='bbox 1214 1668 1328 1732; x_wconf 87' lang='lat' dir='ltr'>ludere</span> <span class='ocrx_word' id='word_1_54' title='bbox 1348 1669 1447 1750; x_wconf 85' lang='lat' dir='ltr'>gestit</span> 
     </span>
    </p>

    <p class='ocr_par' dir='ltr' id='par_1_9' title="bbox 529 1784 1362 1867">
     <span class='ocr_line' id='line_1_10' title="bbox 529 1784 1362 1867; baseline -0.01 -16"><span class='ocrx_word' id='word_1_55' title='bbox 529 1784 688 1851; x_wconf 84' lang='lat' dir='ltr'>Sordidus</span> <span class='ocrx_word' id='word_1_56' title='bbox 707 1789 740 1848; x_wconf 86' lang='lat' dir='ltr'>et</span> <span class='ocrx_word' id='word_1_57' title='bbox 758 1786 850 1848; x_wconf 89' lang='lat' dir='ltr'>lusco</span> <span class='ocrx_word' id='word_1_58' title='bbox 870 1786 926 1867; x_wconf 91' lang='lat' dir='ltr'>qui</span> <span class='ocrx_word' id='word_1_59' title='bbox 944 1786 1052 1867; x_wconf 87' lang='lat' dir='ltr'>possit</span> <span class='ocrx_word' id='word_1_60' title='bbox 1071 1784 1198 1850; x_wconf 86' lang='lat' dir='ltr'>dicere:</span> <span class='ocrx_word' id='word_1_61' title='bbox 1223 1786 1362 1861; x_wconf 77' lang='lat' dir='ltr'>clusos»,</span> 
     </span>
    </p>

    <p class='ocr_par' dir='ltr' id='par_1_10' title="bbox 438 1900 1490 2098">
     <span class='ocr_line' id='line_1_11' title="bbox 532 1900 1490 1984; baseline -0.003 -18"><span class='ocrx_word' id='word_1_62' title='bbox 532 1901 639 1983; x_wconf 86' lang='lat' dir='ltr'>Seque</span> <span class='ocrx_word' id='word_1_63' title='bbox 659 1902 804 1982; x_wconf 77' lang='lat' dir='ltr'>aliquem</span> <span class='ocrx_word' id='word_1_64' title='bbox 823 1900 969 1972; x_wconf 84' lang='lat' dir='ltr'>credens,</span> <span class='ocrx_word' id='word_1_65' title='bbox 991 1900 1075 1963; x_wconf 87' lang='lat' dir='ltr'>Italo</span> <span class='ocrx_word' id='word_1_66' title='bbox 1096 1900 1183 1982; x_wconf 92' lang='lat' dir='ltr'>quod</span> <span class='ocrx_word' id='word_1_67' title='bbox 1203 1902 1330 1965; x_wconf 87' lang='lat' dir='ltr'>honore</span> <span class='ocrx_word' id='word_1_68' title='bbox 1350 1901 1490 1984; x_wconf 90' lang='lat' dir='ltr'>supinus</span> 
     </span>
     <span class='ocr_line' id='line_1_12' title="bbox 438 2016 1258 2098; baseline -0.001 -18"><span class='ocrx_word' id='word_1_69' title='bbox 438 2041 481 2081; x_wconf 76' lang='lat' dir='ltr'>mo</span> <span class='ocrx_word' id='word_1_70' title='bbox 526 2017 677 2098; x_wconf 80' lang='lat' dir='ltr'>Fregerit</span> <span class='ocrx_word' id='word_1_71' title='bbox 696 2016 849 2079; x_wconf 87' lang='lat' dir='ltr'>heminas</span> <span class='ocrx_word' id='word_1_72' title='bbox 867 2017 976 2078; x_wconf 86' lang='lat' dir='ltr'>Arreti</span> <span class='ocrx_word' id='word_1_73' title='bbox 995 2016 1100 2079; x_wconf 83' lang='lat' dir='ltr'>aedibs</span> <span class='ocrx_word' id='word_1_74' title='bbox 1115 2017 1258 2097; x_wconf 89' lang='lat' dir='ltr'>iniquas,</span> 
     </span>
    </p>

    <p class='ocr_par' dir='ltr' id='par_1_11' title="bbox 529 2131 1467 2215">
     <span class='ocr_line' id='line_1_13' title="bbox 529 2131 1467 2215; baseline -0.002 -19"><span class='ocrx_word' id='word_1_75' title='bbox 529 2133 596 2196; x_wconf 89' lang='lat' dir='ltr'>Nec</span> <span class='ocrx_word' id='word_1_76' title='bbox 616 2133 672 2214; x_wconf 92' lang='lat' dir='ltr'>qui</span> <span class='ocrx_word' id='word_1_77' title='bbox 692 2131 793 2195; x_wconf 86' lang='lat' dir='ltr'>abaco</span> <span class='ocrx_word' id='word_1_78' title='bbox 812 2151 971 2194; x_wconf 88' lang='lat' dir='ltr'>numeros</span> <span class='ocrx_word' id='word_1_79' title='bbox 992 2135 1024 2194; x_wconf 88' lang='lat' dir='ltr'>et</span> <span class='ocrx_word' id='word_1_80' title='bbox 1044 2136 1132 2195; x_wconf 88' lang='lat' dir='ltr'>secto</span> <span class='ocrx_word' id='word_1_81' title='bbox 1151 2134 1188 2194; x_wconf 91' lang='lat' dir='ltr'>in</span> <span class='ocrx_word' id='word_1_82' title='bbox 1206 2133 1342 2215; x_wconf 87' lang='lat' dir='ltr'>pulvere</span> <span class='ocrx_word' id='word_1_83' title='bbox 1362 2134 1467 2194; x_wconf 87' lang='lat' dir='ltr'>metas</span> 
     </span>
    </p>

    <p class='ocr_par' dir='ltr' id='par_1_12' title="bbox 531 2236 1341 2330">
     <span class='ocr_line' id='line_1_14' title="bbox 531 2236 1341 2330; baseline -0.002 -17"><span class='ocrx_word' id='word_1_84' title='bbox 531 2248 600 2313; x_wconf 82' lang='lat' dir='ltr'>Scit</span> <span class='ocrx_word' id='word_1_85' title='bbox 617 2249 731 2311; x_wconf 86' lang='lat' dir='ltr'>risisse</span> <span class='ocrx_word' id='word_1_86' title='bbox 749 2250 849 2316; x_wconf 86' lang='lat' dir='ltr'>vafer.</span> <span class='ocrx_word' id='word_1_87' title='bbox 871 2236 1015 2310; x_wconf 85' lang='lat' dir='ltr'>multum</span> <span class='ocrx_word' id='word_1_88' title='bbox 1034 2247 1177 2329; x_wconf 81' lang='lat' dir='ltr'>gaudere</span> <span class='ocrx_word' id='word_1_89' title='bbox 1196 2250 1341 2330; x_wconf 82' lang='lat' dir='ltr'>paratos,</span> 
     </span>
    </p>

    <p class='ocr_par' dir='ltr' id='par_1_13' title="bbox 528 2363 1309 2446">
     <span class='ocr_line' id='line_1_15' title="bbox 528 2363 1309 2446; baseline 0 -18"><span class='ocrx_word' id='word_1_90' title='bbox 528 2364 563 2429; x_wconf 84' lang='lat' dir='ltr'>Si</span> <span class='ocrx_word' id='word_1_91' title='bbox 579 2365 694 2445; x_wconf 84' lang='lat' dir='ltr'>cynico</span> <span class='ocrx_word' id='word_1_92' title='bbox 710 2363 848 2427; x_wconf 89' lang='lat' dir='ltr'>barbam</span> <span class='ocrx_word' id='word_1_93' title='bbox 865 2364 1020 2446; x_wconf 85' lang='lat' dir='ltr'>petulans</span> <span class='ocrx_word' id='word_1_94' title='bbox 1040 2365 1181 2427; x_wconf 86' lang='lat' dir='ltr'>nonaria</span> <span class='ocrx_word' id='word_1_95' title='bbox 1199 2364 1309 2429; x_wconf 83' lang='lat' dir='ltr'>vellat.</span> 
     </span>
    </p>

    <p class='ocr_par' dir='ltr' id='par_1_14' title="bbox 527 2478 1419 2562">
     <span class='ocr_line' id='line_1_16' title="bbox 527 2478 1419 2562; baseline 0 -19"><span class='ocrx_word' id='word_1_96' title='bbox 527 2481 591 2544; x_wconf 89' lang='lat' dir='ltr'>His</span> <span class='ocrx_word' id='word_1_97' title='bbox 610 2500 709 2543; x_wconf 87' lang='lat' dir='ltr'>mane</span> <span class='ocrx_word' id='word_1_98' title='bbox 729 2480 882 2548; x_wconf 83' lang='lat' dir='ltr'>edietum.</span> <span class='ocrx_word' id='word_1_99' title='bbox 903 2486 979 2561; x_wconf 85' lang='lat' dir='ltr'>post</span> <span class='ocrx_word' id='word_1_100' title='bbox 998 2478 1138 2562; x_wconf 89' lang='lat' dir='ltr'>prandia</span> <span class='ocrx_word' id='word_1_101' title='bbox 1158 2480 1349 2543; x_wconf 76' lang='lat' dir='ltr'>Callirhoen</span> <span class='ocrx_word' id='word_1_102' title='bbox 1368 2478 1419 2543; x_wconf 92' lang='lat' dir='ltr'>do.</span> 
     </span>
    </p>
   </div>
   <div class='ocr_carea' id='block_1_3' title="bbox 0 0 1967 5475">
    <p class='ocr_par' dir='ltr' id='par_1_15' title="bbox 0 0 1967 5475">
     <span class='ocr_line' id='line_1_17' title="bbox 0 0 1967 5475; baseline 0 0"><span class='ocrx_word' id='word_1_103' title='bbox 0 0 1967 5475; x_wconf 95' lang='lat' dir='ltr'> </span> 
     </span>
    </p>
   </div>
  </div>
 </body>
</html>
