3917 5475
473 646 522 696 196
874 664 985 708 smmi
999 664 1049 709 111.
1066 660 1188 708 90-93.

523 842 560 907 V.
581 843 722 907 90-93.
748 839 814 920 Qut
833 838 916 905 dicit
942 839 1084 919 medice,
1113 845 1256 923 egrotus
1275 841 1342 914 ille,
1364 841 1419 923 qui
1441 862 1481 904 es
1499 841 1591 909 dixit.

471 981 543 1042 qum
558 979 622 1023 vss.
637 957 777 1021 88—89.
792 957 1017 1022 continentur.
1030 994 1075 1000 —
1086 955 1203 1020 iussus
1221 955 1441 1039 requiescere,
1454 956 1594 1039 supple:

471 1075 647 1144 smedioo.
669 1074 756 1155 quis,
778 1077 815 1136 ut
834 1071 918 1138 Cels.
939 1071 998 1138 III.
1019 1073 1048 1136 f.
1070 1071 1168 1136 dioit:
1193 1072 1365 1135 somnium
1384 1073 1513 1152 optime
1531 1074 1593 1149 (re-

469 1190 591 1268 medie)
620 1193 697 1252 sunt
732 1189 826 1270 quies
851 1192 883 1251 et
918 1187 1150 1260 abstinentia.»
1183 1226 1227 1232 —
1253 1190 1439 1271 postquam
1479 1185 1593 1252 Tertio

472 1303 676 1390 compositos
696 1300 779 1368 vidit
797 1323 869 1368 'nom
887 1323 1022 1369 currere
1045 1323 1159 1383 oenoe,
1182 1308 1361 1386 postquem
1379 1305 1514 1367 tertiam
1532 1323 1594 1384 np-

471 1424 558 1484 otem
578 1420 649 1483 sine
670 1420 753 1482 febri
772 1420 900 1502 peregit
920 1423 952 1482 et
972 1442 1007 1484 se
1027 1421 1237 1484 convaluisse
1257 1420 1405 1483 eredidit.
1427 1419 1500 1483 Hoo
1518 1421 1593 1483 loeo

472 1535 674 1600 admonendi.
703 1555 818 1598 sumus
846 1536 882 1598 in
898 1536 1009 1603 ,Italis
1036 1537 1104 1600 ism
1128 1536 1275 1618 antiquis
1298 1536 1505 1616 temporibus
1525 1557 1594 1599 ore-

470 1653 649 1716 berrimsm
673 1652 778 1715 fuisse
807 1650 926 1716 febrim
958 1653 1053 1716 illem
1082 1653 1180 1715 sertis
1209 1650 1325 1714 diebus
1356 1654 1592 1726 recurrentem,

470 1789 543 1852 quae
562 1768 661 1850 vulgo
680 1765 833 1831 molaria
851 1767 1054 1850 (Hungarioe
1074 1765 1235 1849 vulteius,
1252 1766 1451 1832 Germanice
1471 1763 1592 1831 Weob-

470 1881 634 1968 selfieber)
652 1886 808 1958 vossium
830 1903 931 1965 quare
953 1883 1014 1959 illi,
1036 1883 1092 1965 qui
1113 1883 1217 1946 semel
1236 1879 1323 1945 febri
1335 1883 1490 1963 temptati
1504 1888 1592 1950 sunt.

470 1998 643 2073 timebunt,
664 2019 707 2062 ne
728 2018 767 2060 eu
785 2002 875 2062 certe
894 1999 948 2062 die
975 2003 1167 2063 recurreret.
1188 2000 1361 2080 Aegrotus.
1383 1997 1507 2079 dequo
1529 1999 1592 2060 hoo

470 2115 544 2178 loeo
565 2115 682 2196 egitur,
713 2134 778 2195 qus
806 2118 856 2178 est
883 2115 1030 2190 levitate,
1061 2137 1100 2178 ex
1119 2136 1168 2189 eo,
1198 2114 1285 2196 quod
1305 2114 1439 2177 tertium
1458 2117 1593 2187 nootem

473 2231 545 2294 sine
564 2228 648 2292 febri
667 2230 803 2312 peregit,
826 2230 953 2313 colligit
974 2252 1098 2295 senon
1118 2230 1270 2294 laborare
1288 2229 1377 2315 febri
1395 2229 1542 2294 tertiana
1562 2234 1596 2292 et

473 2347 711 2411 abstinentium
742 2347 886 2427 emplius
914 2369 985 2411 non
1005 2351 1134 2423 servst3
1167 2346 1224 2409 sed
1245 2349 1434 2427 exspeotere
1454 2344 1595 2408 debebat

472 2463 561 2526 diem
585 2464 746 2544 quartum,
777 2463 855 2544 quie
882 2464 984 2527 febris
1008 2468 1119 2545 potest
1140 2484 1211 2526 esse
1232 2462 1415 2545 quartoue.
1438 2459 1485 2524 of.
1507 2459 1592 2524 Cels.

472 2578 529 2640 IIL
551 2578 581 2640 5.
602 2576 642 2639 de
662 2578 725 2640 hoo
740 2576 841 2641 febris
854 2599 997 2660 genere:
1022 2581 1153 2661 «Igitur,
1173 2580 1200 2641 si
1214 2579 1319 2641 semel
1337 2581 1470 2640 tantum
1486 2577 1595 2640 nooes'-

474 2697 517 2760 sit
535 2694 667 2776 (febris),
685 2694 805 2758 deinde
824 2695 923 2759 desiit
939 2746 947 2761 .
966 2747 973 2760 .
991 2747 1000 2762 .
1021 2702 1058 2761 ut
1077 2697 1217 2760 interior
1235 2695 1330 2758 nulle
1348 2714 1449 2757 ouuse
1467 2697 1595 2757 metum

473 2812 596 2884 feeerit,
627 2816 761 2892 postero
790 2811 852 2885 die,
884 2834 959 2876 oum
989 2818 1123 2896 tempus
1152 2813 1352 2876 aooessionis
1380 2812 1428 2874 ite
1451 2811 1593 2884 transiit,

474 2932 511 2991 ut
529 2927 616 2994 nihil
634 2930 784 3002 moverit,
800 2929 891 2991 cibus
911 2929 984 2992 deri
996 2934 1116 3011 potest.
1134 2931 1177 2993 At
1196 2930 1225 2993 si
1245 2950 1284 2991 ex
1303 2928 1370 2990 ulto
1390 2927 1486 2990 dolor
1504 2928 1596 2989 venit

475 3048 507 3107 et
526 3043 670 3126 gravitas
690 3044 742 3106 vel
761 3045 881 3124 ospitis
909 3045 962 3108 vel
989 3045 1247 3126 praeoordiorum
1276 3047 1389 3106 secute
1417 3046 1467 3105 est
1486 3063 1595 3125 neque

475 3163 622 3242 apparet,
648 3160 726 3241 quid
753 3180 873 3241 eorpus
902 3162 1101 3230 confuderit.
1132 3161 1283 3243 quamvis
1311 3180 1414 3222 unum
1435 3160 1594 3221 eooessio-

474 3298 553 3341 nem
572 3280 686 3340 seeutn
704 3277 879 3359 integritas
899 3282 957 3351 est,
984 3281 1107 3352 tamen,
1133 3279 1211 3359 quie
1232 3277 1380 3342 tertioue
1400 3274 1512 3340 timete·
1526 3293 1595 3358 po-

476 3397 549 3476 test,
569 3390 815 3477 suspectantes
836 3395 881 3457 est
902 3391 974 3457 dies
996 3395 1142 3475 tertius;
1161 3399 1193 3457 et
1213 3394 1270 3457 ubi
1290 3392 1490 3456 recessionis
1511 3396 1596 3455 tem-

475 3529 537 3589 pus
556 3509 725 3590 praeteriit.
744 3508 836 3571 cibus
855 3509 985 3572 dandus
1006 3514 1064 3578 est.
1084 3510 1142 3573 sed
1159 3511 1304 3591 exiguus,
1323 3509 1401 3590 quis
1420 3511 1596 3591 quartoue

476 3644 608 3709 quoquo
644 3624 756 3688 timeri
780 3627 913 3708 potest;
943 3630 975 3687 et
1006 3626 1059 3689 die
1091 3631 1207 3708 quarto
1239 3626 1382 3692 demum.
1419 3625 1448 3687 si
1475 3644 1596 3705 eorpus

474 3743 643 3824 integrum
663 3746 721 3816 est,
744 3762 782 3803 eo
802 3762 878 3804 oum
896 3741 1017 3804 fiduoie
1036 3743 1207 3805 utendum.
1230 3742 1264 3807 Si
1284 3762 1361 3805 vero
1380 3746 1515 3823 postero
1531 3744 1596 3803 ter-

475 3861 563 3923 tiove
583 3863 640 3921 suf
669 3862 786 3940 querto
815 3857 868 3920 die
896 3863 1010 3920 seoute
1039 3859 1139 3922 febris
1160 3864 1218 3925 est.
1241 3861 1324 3922 seire
1344 3860 1422 3921 lieet
1441 3856 1595 3919 morbum

476 3996 577 4037 esse.»
600 4011 645 4018 —
664 3973 869 4057 compositos
888 4025 893 4036 .
914 4025 919 4035 .
940 4022 947 4035 .
966 3992 1102 4038 currere
1121 3993 1237 4052 oenoe,
1256 3994 1358 4037 venas
1379 3973 1491 4036 sedete
1511 3972 1595 4049 (sine

475 4091 570 4169 febri)
589 4111 740 4165 currere3
773 4090 975 4173 compositos
1006 4092 1097 4153 enim
1125 4091 1187 4152 hoo
1216 4090 1289 4152 looo
1309 4089 1400 4152 idem
1420 4087 1594 4170 significet,

476 4204 582 4287 quod:
613 4207 754 4286 quietus,
788 4205 931 4283 sedatus,
963 4205 1135 4287 pleoidus;
1167 4206 1206 4266 of.
1240 4202 1354 4266 Senes.
1386 4204 1446 4285 Ep.
1477 4205 1528 4270 bb.
1555 4204 1595 4265 5:

481 4322 703 4401 «pompositus
718 4341 754 4382 so
771 4320 894 4401 probus
907 4321 1059 4394 vultus»;
1080 4319 1154 4381 Teo.
1175 4319 1260 4381 Arm.
1282 4320 1306 4382 Ι.
1329 4322 1367 4383 7:
1393 4318 1596 4399 «composito

476 4435 579 4499 vultu.
588 4458 599 4493 s
622 4473 666 4479 —
686 4453 820 4498 currere
839 4456 931 4497 venae
960 4434 1119 4513 dicuntur
1134 4453 1214 4513 pro:
1243 4433 1380 4511 moveri,
1401 4434 1595 4497 insolenter.
