3917 5475
438 658 490 712 ²02
827 678 938 723 smmi
953 679 1001 722 n1.
1020 666 1175 722 103--101,

437 854 534 919 Mart.
555 853 594 918 X.
615 856 668 928 49,
692 855 728 918 1:
753 851 989 934 «amethystini
1008 854 1179 917 trientes».
1203 851 1346 919 Calidas
1375 859 1425 918 est
1443 857 1558 921 friens.

438 971 516 1054 quie
536 971 664 1053 antiqui
683 970 905 1034 libentissime
933 969 1115 1033 utebantur
1132 969 1325 1051 potionibus
1354 970 1471 1034 calidis
1482 994 1489 1047 ;
1518 973 1558 1035 cf.

439 1085 552 1152 Senec.
573 1086 633 1167 ep.
660 1087 731 1159 122,
754 1087 794 1150 6:
820 1086 938 1167 «Atqui
956 1087 1112 1167 frequens
1137 1086 1200 1148 hoc
1229 1085 1494 1150 adulescentium
1512 1088 1560 1150 vi-

437 1203 523 1266 tium
543 1205 601 1276 ost,
623 1201 680 1283 qui
698 1203 785 1265 vires
805 1187 967 1275 excolunt,
983 1206 1020 1265 ut
1039 1202 1168 1282 inipso
1187 1222 1281 1282 paene
1297 1201 1424 1264 balinei
1441 1202 1559 1264 limine

438 1319 527 1380 infer
545 1317 653 1380 nudos
672 1316 796 1392 bibant,
817 1318 922 1380 immo
942 1320 1069 1398 potent,
1093 1321 1125 1380 et
1144 1316 1308 1391 sudorem,
1331 1333 1560 1399 quemmove-

438 1436 517 1496 runt
546 1433 741 1514 potionibus
775 1433 899 1496 crebris
935 1437 966 1495 et
1001 1431 1213 1507 ferventibus,
1247 1431 1387 1495 subinde
1417 1431 1559 1497 destrin-

438 1550 549 1630 gans».
570 1585 615 1592 —
642 1537 756 1614 deletes
784 1566 942 1632 crepuere
969 1548 1094 1630 retecti,
1113 1547 1230 1611 dentes
1258 1552 1396 1630 crepent
1422 1553 1562 1631 propter

438 1663 557 1728 febrim
577 1667 610 1726 et
628 1667 832 1745 reteguntur,
855 1665 932 1746 quio
959 1665 1053 1728 labra
1072 1665 1195 1745 aegroti‚
1216 1669 1254 1728 ut
1272 1684 1318 1727 vs.
1342 1664 1414 1729 102.
1435 1664 1561 1730 videbi-

438 1781 618 1855 muslera
647 1783 734 1843 sunt.
763 1817 808 1824 —
842 1777 1013 1844 Uncto...
1032 1779 1280 1864 pulmentario,
1299 1780 1363 1843 cibi
1392 1801 1431 1842 ex
1460 1800 1561 1842 carne

438 1895 564 1978 (pulpa)
583 1895 662 1957 facti
679 1897 712 1957 et
731 1896 845 1978 opimi.
867 1894 914 1959 of.
935 1896 988 1960 IV.
1008 1898 1065 1961 17:
1090 1899 1209 1959 «uncta
1227 1896 1347 1959 vixisse
1367 1896 1509 1977 patella»
1527 1900 1561 1958 ei

437 2009 491 2074 VI.
512 2012 571 2075 16:
593 2030 728 2073 «cenare
746 2011 818 2074 sine
834 2014 977 2088 11110101;
999 2012 1105 2076 Plaut.
1123 2012 1240 2076 Pseud.
1259 2013 1342 2077 220:
1364 2012 1561 2076 «Pulmento

438 2131 515 2190 utor
532 2127 639 2208 magis
659 2127 901 2191 unctiusculol.

490 2242 527 2306 V.
552 2242 734 2307 103-106.
755 2240 846 2322 Hinc
866 2243 956 2320 tuba,
978 2244 1221 2327 caudelae,haec
1241 2248 1291 2308 est
1310 2265 1410 2308 causa
1427 2265 1561 2328 pompae

438 2357 597 2432 funebris,
618 2358 638 2420 i.
662 2378 687 2420 e.
701 2359 828 2421 mortis.
849 2397 893 2404 —
914 2359 1007 2440 tubo,
1019 2360 1057 2422 in
1075 2379 1200 2441 pompa
1218 2360 1351 2424 funebri
1369 2360 1510 2425 divitum
1527 2364 1561 2423 et

438 2472 603 2537 nobilium
623 2472 712 2555 apud
729 2473 900 2538 Romanos
918 2475 1209 2557 frequentissimus
1226 2480 1297 2539 erat
1314 2475 1471 2540 iubarum
1490 2498 1562 2540 cor-

437 2609 609 2670 nuumque
628 2609 727 2664 usus3
748 2591 788 2652 cf.
808 2589 889 2653 Hor.
912 2588 978 2654 Sat.
999 2590 1024 2654 I.
1046 2593 1075 2659 6.
1096 2591 1247 2654 43-14;

846 2796 853 2810 .
876 2797 883 2811 .
906 2796 913 2810 .
936 2749 1058 2821 Athis,
1082 2751 1108 2807 si
1129 2752 1247 2825 plostra
1268 2752 1400 2811 ducenta

559 2864 811 2941 concurrantque
833 2865 899 2923 foro
921 2866 980 2924 trie
1001 2865 1113 2924 funera
1133 2886 1255 2941 magna,
1278 2868 1409 2937 sonabit,

559 2978 683 3039 Cornua
705 2978 786 3055 quod
807 2981 971 3057 vincatque
992 2982 1098 3053 tubas;

438 3170 534 3251 Prop.
555 3168 595 3231 H.
617 3171 646 3243 7,
670 3170 729 3232 12:
754 3170 907 3231 «funesta
924 3170 1054 3232 tristior
1070 3170 1131 3232 illc
1149 3170 1260 3245 tuba»,
1282 3172 1334 3235 IV.
1359 3172 1408 3246 11,
1430 3174 1562 3237 9—-10:

558 3328 608 3387 Sic
628 3330 742 3387 maestae
764 3326 901 3387 cecinere
923 3329 1014 3398 tubae,
1037 3348 1106 3387 cum
1127 3328 1250 3388 subdita
1271 3333 1412 3389 nostrum

596 3444 781 3503 Detraheref
802 3444 881 3503 lecto
904 3444 955 3503 fax
976 3446 1105 3503 inimica
1126 3448 1224 3521 caput.

436 3672 481 3677 —
499 3631 659 3709 coudetae,
680 3634 758 3714 quia
776 3634 813 3695 in
831 3652 957 3714 pompa
974 3632 1107 3696 funebri
1124 3634 1255 3697 funales
1275 3635 1361 3697 cerei
1381 3633 1565 3716 portabam-²

436 3753 511 3824 fur;
537 3751 576 3811 cf.
598 3746 712 3812 Senec.
741 3748 791 3811 De
810 3751 917 3830 tranq.
942 3749 992 3825 11,
1014 3752 1053 3814 7:
1089 3749 1242 3811 «Totiens
1270 3749 1308 3812 in
1335 3751 1458 3813 vicinia
1483 3770 1559 3814 mes

437 3864 681 3927 conclamatum
699 3868 757 3939 est,
771 3865 895 3929 totiens
915 3870 1035 3947 praefer
1050 3866 1154 3928 limen
1170 3867 1367 3929 immaturas
1387 3868 1563 3948 exsequias

436 3982 491 4043 fax
509 3998 688 4059 cereusque
704 3981 892 4062 praecepit».
906 4018 951 4024 -
964 3980 1176 4064 tandemque,
1191 3982 1269 4063 quia
1284 4002 1444 4062 magnum
1456 3983 1558 4045 funus

435 4096 575 4176 longum
591 4098 723 4176 tempus
743 4096 890 4177 requirit.
908 4095 1057 4158 Primum
1075 4097 1165 4159 enim
1180 4116 1306 4178 pompa
1320 4094 1470 4159 funebris
1482 4116 1558 4158 curn

437 4211 525 4274 tubis
546 4216 578 4273 et
597 4211 744 4274 candelis
764 4231 823 4292 per
851 4211 968 4274 urbem
987 4212 1023 4274 in
1043 4214 1153 4274 forum
1173 4211 1311 4285 ducitur,
1332 4210 1391 4275 ubi
1408 4210 1562 4275 laudatio

437 4328 610 4391 sollemnis
640 4327 773 4390 cuditur
792 4333 824 4391 et
843 4332 920 4410 post
948 4327 1178 4391 laudationem
1205 4325 1343 4389 tandem
1371 4347 1491 4409 corpus
1520 4346 1559 4389 ex

436 4445 516 4507 urbe
535 4465 596 4526 per
614 4448 745 4524 portam
766 4442 909 4508 effertur.
923 4481 967 4488 —
981 4442 1147 4526 beatulus,
1165 4442 1275 4518 dives;
1296 4463 1376 4506 nam
1396 4441 1438 4504 ad
1455 4443 1562 4504 funus
