3917 5475
455 651 507 704 956
869 673 980 718 sirum
995 675 1024 719 v.
1044 671 1165 719 47—51.

455 849 616 930 geniturae
636 849 769 913 cardine
790 851 889 913 fuerit
909 851 1055 925 inventa,
1076 850 1147 913 haec
1162 851 1264 923 mala
1285 872 1357 932 quae
1371 851 1525 928 diximus,
1541 872 1580 914 ex

409 957 412 962 ’
455 966 550 1044 parte
574 964 687 1046 eliqua
705 965 943 1045 mitigantur»;
972 963 1051 1028 ibid.
1071 965 1132 1030 Ill.
1153 965 1182 1033 3.
1207 965 1243 1028 1:
1278 965 1380 1028 «Nam
1409 966 1438 1028 si
1464 965 1579 1031 Iovem

456 1079 503 1143 sio
521 1080 670 1159 positum
688 1080 846 1144 malivola
866 1080 963 1143 stella
987 1081 1153 1143 contraria
1172 1080 1359 1143 radiatione
1386 1082 1578 1162 respexerit,

455 1195 573 1291 totum.
595 1194 754 1276 quidquid
777 1195 929 1276 luppiter
956 1194 1147 1268 decreverit,
1170 1215 1209 1257 ex
1235 1196 1381 1258 maxima
1404 1199 1500 1275 parte
1517 1196 1580 1259 mi-

456 1309 603 1388 nuitur».
624 1345 669 1352 -
687 1305 946 1392 Saturnumque
969 1328 1121 1395 qroueru,
1141 1311 1219 1391 quie
1248 1307 1385 1372 Saturni
1413 1309 1511 1373 stella
1530 1312 1581 1372 est

456 1423 621 1487 malevola
632 1445 640 1497 ;
661 1424 700 1486 cf.
720 1422 801 1486 Hor.
823 1422 930 1492 earm.
950 1425 992 1486 II.
1010 1425 1059 1498 17,
1074 1425 1136 1488 su:
1160 1427 1211 1486 «te
1230 1423 1320 1487 lovis
1339 1425 1443 1504 impio
1463 1424 1581 1488 Tutela

458 1536 601 1602 Saturno
621 1538 789 1618 refulgens
808 1538 980 1618 Eripuit»;
1001 1539 1097 1621 Prop.
1118 1539 1172 1602 IV.
1197 1539 1223 1611 1,
1244 1539 1396 1603 83-84:

617 1695 788 1772 Felicisque
809 1696 893 1754 Iovis
914 1695 1018 1754 stelles
1040 1695 1210 1772 Martisque
1231 1697 1353 1771 rapacis

657 1809 697 1869 Et
718 1829 811 1886 qruue
832 1809 959 1870 Saturni
979 1810 1064 1870 sidus
1084 1813 1120 1869 in
1141 1830 1233 1869 omne
1255 1814 1364 1887 caput;

458 2000 530 2064 Juv.
550 1999 605 2064 VI.
630 2001 825 2066 sto—570:
859 1998 956 2081 «quid
985 2000 1077 2063 sidus
1103 2000 1199 2063 triste
1227 2001 1376 2063 minetur
1403 1997 1580 2074 suumin

460 2114 517 2178 Ov.
537 2113 585 2177 Ib.
606 2114 803 2190 215—ale;
829 2115 890 2178 «Te
910 2114 1061 2177 sereneo
1089 2116 1267 2197 quicquam
1292 2112 1462 2197 placidum
1482 2133 1582 2195 spon-

459 2229 572 2293 dentia
590 2227 709 2293 Martis
729 2228 844 2293 Sidera
862 2234 1057 2310 presserunt
1075 2229 1292 2315 falciferique
1312 2231 1435 2294 senis».
1452 2268 1498 2275 —
1515 2248 1581 2294 uo·

459 2348 529 2409 suo
554 2341 639 2413 Ioue.
660 2344 738 2408 Iove
762 2345 860 2409 nobis
888 2345 1054 2427 propiti03
1088 2349 1158 2410 eret
1187 2347 1276 2408 enim
1303 2344 1458 2427 Iuppiter
1485 2345 1583 2408 stella

458 2459 629 2524 benevola.
652 2459 699 2525 Cf.
720 2461 816 2542 Prop.
836 2461 890 2524 IV.
915 2462 942 2530 1.
969 2462 1111 2526 83—84.
1142 2481 1243 2542 supra
1269 2459 1358 2524 laud.
1379 2498 1424 2506 —-
1442 2458 1581 2546 fruuqr'-

459 2593 543 2650 mers,
564 2577 810 2657 malignitatem
831 2578 902 2640 eius
930 2577 1154 2651 debilitamus
1175 2578 1380 2657 mitigamus.
1411 2573 1459 2640 Gi
1479 2575 1582 2638 Firm.

459 2692 539 2759 Mat.
569 2692 673 2760 Math.
698 2693 757 2757 ΙΠ.
778 2694 808 2768 l,
830 2693 882 2758 26.
904 2713 1006 2775 supra
1033 2693 1123 2758 laud.
1151 2731 1196 2737 --
1226 2690 1348 2757 Nescio
1377 2688 1470 2775 quod
1498 2689 1584 2755 certe

460 2812 524 2874 est.
541 2862 566 2873 ..
587 2814 729 2886 astrum,
746 2812 834 2872 certe
855 2814 905 2872 est
921 2810 1056 2892 aliquod
1072 2814 1209 2873 astrum.
1230 2808 1277 2872 Cf.
1294 2808 1391 2888 Verg.
1407 2806 1477 2869 Ecl.
1494 2804 1583 2869 VIII.

464 2926 545 2990 106:
570 2925 787 3008 «Nescioquid
806 2929 893 2988 certe
913 2929 996 2989 est».
1009 2962 1054 2969 —
1065 2945 1119 2989 rue
1136 2924 1197 2989 tibi
1216 2927 1390 3007 temperat,
1403 2941 1458 2985 me
1473 2924 1584 2983 tecum

462 3041 557 3122 quusi
576 3042 777 3117 commiscet,
798 3041 921 3105 idest:
951 3041 1133 3121 coniungit,
1154 3060 1208 3102 me
1229 3038 1374 3102 amicum
1402 3036 1463 3100 tibi
1495 3035 1582 3097 facit.

466 3153 625 3241 Tempore
642 3177 717 3220 cum
733 3157 853 3231 dativo,
867 3161 905 3219 ut
921 3157 1054 3222 misceo.
1066 3192 1112 3199 —
1123 3155 1296 3237 temperat,
1311 3155 1453 3227 ostrum,
1469 3149 1585 3214 eadem

460 3273 561 3338 verba
579 3274 615 3337 in
633 3272 700 3339 fine
718 3293 834 3338 versus
854 3271 943 3355 apud
961 3271 1042 3334 Hor.
1056 3272 1116 3351 Ep.
1129 3270 1172 3332 ΙΙ.
1187 3270 1216 3343 9,
1233 3269 1315 3333 187;
1340 3265 1427 3331 «Scit
1447 3266 1583 3338 Genius,

462 3391 574 3453 natale
593 3410 704 3453 comes
724 3390 779 3471 qui
799 3392 966 3470 temperat
986 3391 1144 3450 astrum».

516 3507 621 3572 Pars
649 3506 788 3589 prima
818 3508 858 3585 (v.
885 3505 1039 3582 {au-7⁶2.)
1062 3486 1211 3585 Oppoui!
1240 3519 1328 3565 ceree
1357 3497 1535 3583 supientiae
1563 3515 1587 3560 u

464 3627 615 3714 {zomata
632 3629 776 3709 accepte
792 3624 971 3709 vulqurriu
989 3620 1166 3686 homiuum
1181 3617 1296 3683 airam.
1325 3614 1433 3680 Vario
1447 3610 1587 3698 quidem

463 3748 544 3810 suut
564 3742 743 3808 homiuum
763 3737 889 3813 studio,
911 3736 970 3803 sed
994 3735 1113 3802 orurrio
1136 3730 1363 3818 philosophia
1391 3750 1452 3815 ope
1479 3726 1585 3794 desti-

463 3864 535 3925 tulu
555 3858 657 3923 irritu
676 3860 776 3937 suut;
802 3873 910 3939 quare
926 3852 1111 3937 plerisque,
1133 3869 1212 3914 eura
1236 3846 1282 3913 eui
1302 3851 1489 3914 extremum
1509 3845 1588 3910 auru

458 3978 595 4059 purtem
629 3975 864 4057 pervenerunt,
896 3967 1077 4054 fotendum
1106 3969 1155 4032 est
1186 3985 1221 4030 se
1250 3964 1357 4029 uiloru
1384 3959 1584 4047 perdidisse.

464 4088 574 4153 Aliter
599 4086 780 4161 Cornutus,
808 4084 867 4169 qui
892 4084 1030 4149 iuuenes
1054 4079 1311 4167 philosophiam
1331 4079 1433 4153 docet,
1454 4072 1589 4142 alveradi

465 4207 582 4269 orteia.
605 4201 679 4268 Hoc
702 4201 811 4288 iqiiur
837 4198 990 4265 studium
1019 4217 1144 4273 currus,
1160 4196 1264 4282 prrere'
1289 4212 1461 4277 senesque,
1482 4193 1589 4277 uquut

467 4337 573 4401 uaeque
593 4315 763 4401 differunt,
785 4315 843 4381 sed
863 4334 970 4405 quoru
985 4314 1142 4400 primunr
1161 4312 1337 4395 incipiuni.

521 4434 557 4499 V.
580 4434 720 4497 zia-53.
751 4430 844 4499 Mille
875 4429 1054 4497 leorur'uuru
1082 4429 1217 4513 speeies.
1237 4426 1331 4491 mille
1358 4443 1482 4505 genera
1510 4426 1589 4489 sunt
