3917 5475
797 721 908 764 aarum
922 720 971 764 111.
989 719 1111 766 ai—as.
1467 700 1517 754 165

393 899 530 962 auribus
548 898 616 961 tuis
635 896 786 970 infundo,
802 895 944 959 effluunt
963 916 1002 958 ex
1020 898 1062 971 te,
1082 898 1121 958 ut
1139 896 1248 977 liquor
1268 895 1374 961 effluit
1388 919 1426 962 ex
1437 917 1515 964 vase

391 1015 524 1088 vitioso,
546 989 634 1094 quod
652 1013 818 1094 liquorem
845 1032 916 1075 non
939 1013 1051 1093 potest
1068 1011 1106 1075 in
1126 1031 1160 1074 se
1180 1011 1361 1076 continere.
1391 1011 1516 1098 Effluis

393 1130 485 1217 enim
503 1127 715 1191 referendum
735 1130 785 1191 est
805 1126 846 1190 ad
866 1129 1061 1208 sequentem
1080 1127 1312 1208 metaphoram
1331 1130 1406 1207 (vss.
1428 1129 1516 1193 at—

394 1244 469 1321 24),
489 1243 547 1306 ubi
565 1243 696 1306 iuvenis
715 1246 928 1324 comparatur
954 1262 1031 1304 cum
1058 1243 1192 1305 vasculo
1220 1241 1316 1306 fictili
1341 1263 1412 1308 non
1430 1244 1515 1308 bene

393 1362 506 1435 coct03
536 1360 576 1422 ct.
603 1359 733 1422 Terent.
762 1360 848 1422 Eun.
877 1358 902 1422 Ι.
924 1360 953 1433 Ι,
974 1360 1037 1424 25:
1071 1359 1212 1422 «Plenus
1240 1361 1400 1424 rimarum
1430 1381 1513 1438 sum,

393 1477 459 1539 huc
483 1481 582 1558 atque
601 1475 682 1538 illuc
701 1474 861 1556 perfluo».
882 1474 1033 1559 Efficere
1052 1475 1254 1539 diciturnon
1268 1477 1377 1540 solum
1395 1477 1513 1558 liquor,

394 1591 453 1655 sed
473 1592 573 1654 ctiam
591 1612 660 1665 vas,
682 1591 770 1673 quod
788 1591 952 1672 liquorem
972 1589 1107 1653 effluere
1128 1592 1208 1654 sinit
1219 1614 1226 1666 ;
1247 1593 1286 1656 cf.
1301 1591 1432 1656 Patron.
1454 1591 1517 1658 71:

400 1710 596 1791 «amphoras
621 1709 778 1790 gypsatis.
800 1728 843 1770 ne
863 1705 1008 1770 ecfluant
1034 1707 1183 1770 uinum».
1204 1739 1257 1751 ·—
1289 1705 1516 1789 Contemnere,

393 1826 612 1887 contemnent
630 1827 663 1886 te
683 1824 847 1897 homines,
869 1824 896 1888 si
916 1843 986 1886 non
1010 1822 1173 1899 didiceris,
1194 1826 1331 1906 propter
1359 1824 1517 1888 eruditio·

394 1961 475 2004 nem
492 1941 732 2022 imperfectam,
753 1943 791 2002 ut
809 1959 867 2003 vas
886 1960 956 2003 non
975 1939 1061 2003 bene
1080 1943 1211 2003 coctum
1230 1941 1457 2004 contemnitur
1476 1939 1516 2003 ab

395 2056 612 2138 emptoribus,
634 2057 720 2137 quia,
742 2058 779 2118 ut
799 2057 913 2120 statim
931 2039 1092 2137 legemus,
1113 2057 1180 2120 tale
1208 2077 1267 2120 vas
1296 2057 1336 2120 ab
1367 2059 1516 2137 emptore

394 2193 591 2253 percussum
610 2172 684 2254 ipso
705 2192 788 2235 sono
808 2171 919 2253 prodit
937 2172 1057 2236 vitium
1078 2194 1184 2236 suum.
1218 2171 1437 2239 Contemnere
1455 2173 1516 2253 igi-

393 2293 544 2351 turcum
564 2289 779 2370 sequentibus
798 2289 847 2350 ita
866 2292 916 2351 est
933 2289 1162 2369 iungendum:
1189 2292 1412 2364 contemnere,
1433 2307 1517 2353 «tum

395 2408 493 2470 sonat
512 2406 631 2468 vitium
652 2408 711 2468 etc.
733 2403 780 2468 Cf.
801 2403 882 2467 Hor.
904 2403 971 2468 Sat.
992 2405 1033 2468 H.
1056 2406 1084 2481 3,
1109 2404 1257 2469 13—14:

596 2563 753 2622 Invidiam
773 2563 894 2638 placare
915 2581 1008 2638 paras
1028 2564 1142 2622 virtute
1164 2564 1293 2624 relicta}>

597 2678 813 2750 Contemnere,
835 2679 937 2740 miser.

448 2874 486 2938 V.
507 2872 648 2937 at-ar.
670 2866 778 2935 Sonat
795 2869 929 2949 uitium,
949 2889 1032 2933 sono
1060 2871 1180 2933 vitium
1200 2892 1298 2935 suum
1316 2872 1446 2954 prodit3
1476 2874 1516 2937 cf.

394 2989 432 3053 V.
455 2992 518 3055 24:
551 2990 670 3052 «Pulsa
697 2987 869 3050 dinoscere
897 2988 1024 3062 cautus,
1055 2985 1142 3066 Quid
1170 2986 1320 3053 solidum
1349 2992 1457 3073 crepet
1486 2992 1518 3053 et

395 3107 492 3189 pictae
511 3105 651 3168 tectoria
668 3104 824 3185 linguae»,
844 3102 881 3166 V.
906 3103 988 3167 106:
1018 3102 1083 3165 «Ne
1103 3122 1168 3184 qua
1192 3102 1354 3167 subaerato
1373 3104 1516 3171 meudo-

395 3221 621 3287 marcuerat
640 3240 763 3295 auro»;
790 3237 916 3284 sociare
944 3240 1020 3281 cum
1044 3220 1241 3293 accusativo,
1262 3222 1300 3282 ut
1318 3220 1413 3302 Verg.
1434 3222 1516 3285 Aen.

395 3339 421 3401 I.
443 3338 526 3403 328:
560 3357 639 3399 «nec
667 3356 730 3399 uox
758 3335 930 3398 hominem
960 3337 1088 3409 sonat»,
1109 3334 1163 3398 VI.
1185 3335 1245 3399 50:
1279 3336 1438 3399 «mortale
1467 3356 1519 3401 so-

395 3475 524 3530 nans«;
545 3452 610 3517 Cic.
631 3473 691 3534 pro
711 3452 808 3515 Arch.
832 3452 881 3524 10,
900 3451 961 3515 26:
988 3451 1130 3531 «pingue
1150 3449 1388 3526 sonantibus»;
1411 3450 1467 3515 Ov.
1479 3452 1516 3515 A.

394 3573 433 3633 A.
454 3570 513 3633 ΠΙ.
534 3572 617 3634 289:
651 3590 806 3632 «naucum
831 3588 992 3642 sonare»,·
1021 3566 1116 3628 Lucr.
1137 3565 1194 3629 ΠΙ.
1217 3566 1298 3630 873:
1333 3568 1519 3630 «sincerum

396 3707 547 3751 sonere«.
578 3686 628 3748 De
660 3685 777 3748 eadam
807 3705 842 3747 re
873 3684 1028 3748 similiter
1055 3682 1138 3745 Plat.
1171 3682 1292 3744 Theaet.
1321 3701 1353 3762 p.
1378 3683 1448 3747 179.
1469 3682 1517 3747 D:

347 3772 353 3783 ⁸
396 3801 548 3867 Σκεπτὲον
572 3806 625 3888 τὴν
651 3806 822 3891 φερομένην
846 3802 958 3885 ταύτην
984 3794 1091 3863 οὐσίαν
1118 3797 1325 3880 arccana«,
1352 3795 1412 3861 εἴτε
1437 3792 1518 3881 ὑγιὲς

397 3916 459 3983 εἴτε
483 3921 602 4003 (νωθρὸν
628 3920 797 4008 φθέγγεται
826 3920 858 3979 et
884 3915 1011 3980 Phileb.
1040 3936 1072 3997 p.
1099 3916 1151 3977 55.
1172 3913 1215 3977 C:
1244 3917 1398 3995 γενναίως,
1425 3913 1457 3979 εἴ
1475 3926 1518 4001 πῇ

395 4057 425 4098 τι
440 4036 560 4120 σαθρὸν
584 4032 660 4119 ἔχει,
686 4044 746 4098 πᾶν
765 4036 1005 4119 περικροὺωμεν.
1029 4032 1079 4095 De
1096 4051 1197 4097 sensu
1213 4030 1417 4111 metaphorae
1430 4034 1519 4094 recte

398 4148 544 4215 scholia:
569 4148 760 4228 «Quomodo
780 4169 838 4212 «as
858 4168 928 4212 non
947 4148 1032 4211 bene
1056 4148 1188 4212 coctum
1215 4166 1285 4209 non
1304 4140 1448 4209 'acutum
1467 4165 1519 4211 so-

396 4286 480 4329 num
499 4265 607 4328 reddit
625 4266 679 4327 vol
694 4266 857 4328 tinnitum
877 4267 909 4327 et
927 4263 1039 4346 prodit
1052 4262 1172 4326 vitium
1191 4281 1298 4336 suum,
1311 4262 1405 4325 itaet
1418 4263 1519 4325 homo

397 4400 469 4444 non
486 4380 572 4444 bene
592 4380 759 4461 sapientia
777 4380 903 4461 politus
926 4380 1047 4443 vitium
1078 4399 1176 4443 suum
1205 4380 1389 4459 temptatus
1409 4379 1519 4442 osten·

396 4496 477 4560 dit».
497 4533 543 4540 —-
556 4514 733 4579 persuasu,
753 4516 796 4559 sc.
827 4496 867 4557 ab
896 4499 1065 4577 emptore3
1096 4496 1205 4559 solent
1234 4495 1324 4557 enim
1353 4494 1520 4574 emptores
